2574 4478
223 262 591 324 METAMORPHOSEON
607 263 680 322 LIB.
700 260 748 322 IV.
768 265 912 322 too-44⁷.

56 388 203 472 falsaque
222 408 388 455 saevarum
406 391 573 456 simulacra
589 391 711 456 ululare
729 390 876 455 ferarum.

55 475 181 539 fumida
198 475 385 540 iamdudum
401 476 526 542 latitant
566 499 600 542 er
617 487 700 542 tecta
717 498 839 541 sorores

57 561 268 645 diversaeque
285 562 363 626 locis
380 562 471 648 ignes
489 585 527 628 ao
543 500 664 628 lhmina
680 562 790 626 vitant.

57 646 201 730 dumque
217 657 331 731 petunt
343 647 501 724 tenebras,
517 670 633 747 parvos
651 648 835 713 membrana
852 670 909 732 per
926 660 1013 714 artus

54 730 228 815 porrigitur
245 732 395 814 tenuique
412 731 545 796 includit
564 733 711 796 bracchia
750 732 833 796 iuna.

55 837 116 880 nec
134 836 201 900 qua
217 815 411 899 perdiderint
428 826 567 882 veterem
584 817 705 882 ratione
721 755 866 902 igurari,

56 900 138 966 seire
158 900 265 965 sinunt
282 901 440 966 tenebrae.
484 925 548 966 non
565 901 634 966 illas
652 903 761 987 pluma
777 902 909 968 levavit:
1096 923 1148 972 410

56 986 237 1051 sustinuere
255 996 360 1050 tamen
378 1009 412 1051 se
430 987 663 1071 perlucentibus
681 988 748 1052 alis.

56 1082 255 1156 conataeque
272 1072 374 1155 loqui,
392 1073 555 1137 minimam
573 1095 630 1158 pro
648 1094 778 1159 corpore
795 1095 906 1138 vocem

56 1157 207 1222 emittunt
223 1168 442 1243 peraguntque
458 1158 545 1224 leves
562 1159 695 1224 stridore
713 1160 866 1243 querelas.

56 1255 222 1326 tectaque,
238 1264 302 1307 non
321 1243 431 1320 silvas,
450 1244 624 1322 celebrant3
641 1245 808 1327 lucemque
826 1266 958 1330 perosae

56 1340 152 1394 nocte
170 1329 278 1393 volant
295 1349 428 1412 seroque
441 1341 547 1394 tenent
566 1353 585 1392 a
602 1351 732 1414 vespere
750 1351 875 1393 nomen.
1097 1351 1147 1400 415

100 1414 188 1478 Tum
206 1436 281 1479 vero
299 1413 371 1478 totis
388 1415 509 1479 Bacchi
526 1415 730 1480 memorabile
746 1414 867 1479 Thebis
975 1414 1024 1468 1¹²⁰
1036 1422 1059 1465 εἰ
1070 1413 1147 1467 Meti-

57 1523 178 1565 numen
196 1510 277 1575 crat,
294 1520 489 1584 magnasque
507 1499 581 1564 novi
598 1509 767 1564 matertera
784 1500 867 1565 vires
1016 1490 1104 1536 mm·

56 1595 166 1651 namet
183 1584 303 1669 ubique
321 1585 385 1662 dei,
404 1584 443 1650 de
461 1596 570 1668 totque
588 1585 747 1649 sororibus
765 1607 877 1671 expers

56 1695 123 1736 una
142 1670 258 1735 doloris
277 1682 357 1748 erat,
374 1670 436 1735 nisi
453 1692 548 1755 quem
564 1670 668 1736 fecere
686 1691 817 1736 sorores.

57 1781 93 1822 as
116 1756 172 1822 icit
190 1758 286 1833 hanc,
303 1756 385 1821 natis
403 1756 604 1839 thalamoque
622 1756 825 1821 Athamantis
843 1758 1012 1823 habentem
1098 1779 1148 1829 420

57 1781 211 1908 sublimes
229 1843 350 1907 animos
368 1853 399 1907 et
415 1842 543 1906 alumno
560 1841 703 1918 numine,
722 1842 813 1919 Iuno,

57 1951 118 1994 nec
136 1929 223 2005 tulit,
241 1940 273 1993 et
291 1950 398 1992 secum
417 1927 534 2012 ‘potuit
552 1925 591 1992 de
608 1927 729 2012 paelice
746 1939 840 1992 natus

57 2025 182 2079 vertere
198 2013 366 2078 Maeonios
383 2012 559 2099 pelagoque
577 2011 765 2098 immergere
782 2024 905 2092 nautas,

58 2109 90 2165 et
106 2098 277 2164 laceranda
294 2121 371 2163 suae
388 2098 453 2163 nati
471 2098 548 2164 dare
565 2099 686 2163 viscera
703 2099 795 2161 matri

58 2197 89 2250 et
106 2185 247 2270 triplices
264 2185 386 2270 operire
403 2184 493 2248 novis
510 2183 691 2268 Minyeidas
709 2183 780 2247 alis:

58 2271 103 2335 nil
120 2269 238 2356 poterit
253 2270 336 2334 Iuno
353 2270 414 2334 nisi
431 2269 547 2333 inultos
565 2269 641 2334 flere
660 2270 802 2332 dolores?

57 2357 155 2440 idque
172 2354 250 2420 mihi
267 2356 343 2421 satis
362 2355 428 2420 est?
444 2356 523 2420 haec
540 2378 605 2419 una
621 2355 762 2439 potentia
778 2364 886 2418 nostra
903 2357 970 2419 est?

58 2442 127 2527 ipse
146 2441 252 2518 docet,
271 2440 349 2525 quid
367 2463 461 2526 agam
478 2439 542 2522 (fas
561 2450 657 2506 estet
675 2440 716 2503 ab
735 2441 824 2504 hoste
842 2440 972 2525 doceri),

59 2527 201 2611 quidque
218 2526 307 2591 furor
324 2526 442 2603 valeat,
459 2524 604 2591 Penthea
621 2525 718 2590 caede
736 2525 873 2608 satisque

59 2635 96 2677 ac
114 2634 212 2698 super
229 2612 374 2677 ostendit
417 2633 474 2676 cur
490 2633 553 2675 non
571 2610 749 2676 stimuletur
766 2623 880 2694 eatque

59 2720 117 2784 per
135 2709 272 2783 cognata
289 2697 355 2762 suis
373 2697 519 2782 exempla
535 2697 695 2761 furoribus
714 2697 792 2760 Ino?

101 2783 164 2848 Est
182 2783 234 2847 via
251 2782 381 2847 declivis
398 2783 525 2847 funesta
540 2782 650 2846 nubila
667 2793 755 2846 taxo:

60 2869 149 2933 ducit
167 2869 208 2933 ad
225 2868 365 2933 infernas
382 2890 439 2952 per
456 2878 545 2932 muta
562 2868 686 2932 silentia
704 2868 804 2932 sedes.

60 2953 146 3040 Styx
162 2953 295 3018 nebulas
314 2954 419 3019 exalat
435 2953 532 3028 iners,
551 2953 745 3036 umbraeque
762 2965 903 3018 recentes

59 3039 256 3105 descendunt
272 3039 345 3104 illac
363 3039 593 3122 simulacraque
609 3038 719 3103 functa
736 3038 897 3123 sepulcris.

58 3122 176 3211 [pallor
191 3121 356 3207 hiemsque
374 3135 482 3189 tenent
500 3125 563 3189 late
581 3127 651 3189 loca
669 3137 772 3203 senta3
794 3127 941 3208 novique,

58 3229 124 3292 qna
140 3207 183 3272 sit
197 3207 267 3286 iter,
284 3231 407 3284 manes,
427 3208 573 3294 Stygiam
591 3231 654 3293 qua
671 3211 766 3275 ducat
784 3214 824 3276 ad
841 3215 963 3290 urbem,

57 3294 222 3378 ignorant,
239 3293 296 3358 ubi
313 3294 354 3357 sit
370 3294 453 3379 nigri
470 3294 539 3358 fera
555 3294 644 3380 regia
660 3293 771 3380 Ditis]

58 3379 145 3444 mille
163 3401 265 3464 capax
282 3379 387 3443 aditus
405 3391 436 3443 et
453 3391 577 3464 apertas
595 3381 735 3464 undique
752 3394 858 3467 portas

57 3464 135 3528 urbs
153 3463 259 3529 habet.
302 3475 400 3547 utque
418 3463 533 3530 fretum
553 3467 591 3531 de
610 3477 676 3531 tota
693 3469 823 3532 fiumina
841 3482 933 3544 terra,

58 3551 104 3614 sic
122 3571 232 3613 omnes
250 3549 370 3615 animas
387 3550 475 3615 locus
493 3551 607 3636 accipit
623 3551 689 3628 ille,
707 3575 766 3617 nec
783 3553 839 3618 ulli

57 3636 195 3720 exiguus
213 3635 330 3720 populo
348 3646 396 3700 est
412 3635 578 3701 turbamve
596 3637 745 3703 accedere
763 3639 866 3703 sentit.

57 3731 166 3785 errant
184 3742 345 3805 exangues
362 3721 429 3785 sine
447 3742 577 3806 corpore
595 3735 627 3787 et
644 3723 767 3788 ossibus
784 3725 925 3802 umbrae,

56 3827 197 3892 parsque
215 3805 319 3870 forum
336 3806 508 3883 celebrant,
526 3830 599 3892 pars
616 3808 672 3871 imi
690 3819 773 3873 tecta
790 3810 925 3894 tyranni,

55 3914 131 3975 pars
149 3892 273 3975 aliquas
290 3902 387 3968 artes,
406 3892 554 3974 antiquae
571 3892 744 3958 imitamina
761 3893 855 3959 ritae.

60 3977 193 4042 sustinet
210 3976 256 4041 ire
273 3976 348 4047 illuc
365 3978 491 4041 caelesti
510 3977 584 4041 sede
601 3979 709 4042 relicta
726 4015 769 4025 -

60 4070 182 4203 tangam
200 4061 281 4126 odiis
298 4062 425 4148 iraeque
443 4062 540 4128 dabat
556 4098 599 4110 —
616 4062 766 4130 Saturnia
782 4064 874 4132 Iuno.

129 4160 267 4208 aurosa.
889 4166 909 4223 b
