2574 4478
143 229 512 292 METAMORPHOSEON
528 235 601 291 ΜΒ.
614 236 652 290 II.
670 237 814 295 834—875.
832 239 885 294 111.
898 238 991 298 1-41.
1038 226 1081 293 39

414 457 531 515 LIBER
548 459 723 517 TERTIUS.

55 619 192 701 Iamque
210 617 288 683 deus
305 618 408 703 posita
424 617 545 682 fallacis
563 618 701 704 imagine
718 617 802 683 tauri
1029 637 1147 694 emmas.

56 729 91 771 sc
110 703 275 770 confessus
292 714 360 768 erat
377 702 576 788 Dictaeaque
593 727 667 768 rura
683 705 825 769 tenebat:

56 814 132 855 cum
148 800 240 875 pater
256 790 387 875 ignarus
406 786 530 854 Cadmo
548 791 728 875 perquirere
744 802 867 875 raptam

56 877 193 960 imperat
210 885 242 940 et
258 897 407 960 poenam,
427 875 454 940 si
470 896 535 939 non
552 875 721 952 invenerit,
739 876 827 940 addit

57 962 204 1038 exilium,
222 961 307 1026 facto
324 962 396 1047 pius
414 972 446 1027 et
464 962 633 1026 sceleratus
651 960 772 1026 eodem.

57 1049 136 1112 orbe
153 1058 313 1133 pererrato
330 1045 417 1130 (quis
434 1047 519 1112 enim
537 1047 731 1132 deprendere
748 1047 848 1132 possit

56 1133 145 1198 furta
161 1131 282 1218 Iovisi)
299 1133 392 1218 profu
416 1155 453 1197 us
471 1133 667 1218 patriamque
684 1133 826 1216 iramque
843 1134 982 1218 parentis

57 1220 138 1284 vitat
155 1218 356 1304 Agenorides
372 1155 561 1304 Placebique
577 1219 706 1284 oracula
723 1220 858 1304 supplex

59 1304 196 1370 consulit
214 1315 259 1381 et,
276 1326 358 1389 quae
377 1304 417 1369 sit
433 1304 526 1371 tellus
542 1304 729 1381 habitanda,
746 1305 887 1388 requirit.

59 1391 131 1454 ‘bos
149 1388 222 1455 tibi'
239 1389 390 1455 Phoebus
408 1390 453 1455 ait
470 1390 560 1455 ‘solis
576 1399 720 1454 occurret
736 1389 769 1453 in
787 1391 880 1469 arvis,

58 1476 183 1541 nullum
200 1498 294 1561 passa
310 1475 422 1560 iugum
440 1476 591 1560 curvique
607 1475 756 1539 immunis
775 1477 879 1540 aratri.

57 1562 120 1627 hac
137 1561 219 1626 duce
237 1583 330 1646 carpe
347 1561 415 1626 vias
433 1571 479 1639 et,
497 1583 561 1647 qua
577 1559 767 1646 requieverit
783 1561 893 1639 herba,

58 1647 186 1712 moenia
202 1646 255 1711 fac
273 1647 405 1722 condas,
423 1647 619 1731 Boeotiaque
635 1646 691 1711 illa
707 1646 841 1711 vocat0.'

58 1734 114 1798 vix
130 1732 213 1798 benc
232 1729 371 1797 Castalio
389 1730 531 1798 Cadmus
549 1732 755 1798 descenderat
772 1744 876 1797 antroz

58 1818 282 1884 incustoditam
298 1819 383 1885 lente
400 1819 486 1884 videt
502 1819 549 1884 ire
565 1819 731 1884 iuvencam

58 1905 183 1969 nullum
200 1902 318 1968 servitii
336 1904 461 1990 signum
479 1904 601 1970 cervice
617 1915 791 1990 gerentem.

60 1989 265 2072 subsequitur
280 2011 452 2076 pressoque
469 1990 548 2075 legit
565 1990 699 2075 vestigia
715 2012 828 2075 gressu

60 2086 285 2160 auctoremque
303 2075 373 2140 viae
390 2075 558 2141 Phoebum
575 2076 750 2140 taciturnus
768 2075 889 2142 adorat

58 2161 122 2226 iam
140 2161 225 2225 vada
243 2157 373 2246 Cephisi
390 2160 601 2247 Panopesque
619 2171 763 2228 evaserat
780 2184 871 2226 arva:

58 2247 117 2311 bos
135 2246 222 2312 stetit
239 2256 272 2311 et
288 2247 400 2312 tollens
418 2247 593 2333 speciosam
611 2247 758 2312 cornibus
776 2247 847 2311 altis

59 2333 100 2398 ad
118 2333 242 2397 caelum
259 2330 395 2397 frontem
412 2332 587 2419 mugitibus
604 2332 729 2418 impulit
746 2353 850 2397 auras.

59 2431 155 2502 atque
171 2417 218 2481 ita
234 2418 405 2503 respiciens
423 2418 553 2486 comites
571 2441 629 2483 sua
646 2428 737 2504 terga
755 2428 922 2502 sequentes

80 2502 229 2568 recubuit
244 2512 414 2587 teneraque
430 2504 513 2569 latus
531 2504 688 2569 summisit
704 2504 738 2569 in
754 2503 863 2569 herba.

58 2526 203 2654 Cadmus
221 2587 287 2674 agit
303 2600 409 2674 grates
426 2590 674 2676 peregrinaeque
692 2590 800 2654 oscula
817 2600 919 2656 terrae

58 2674 126 2760 figit
144 2684 176 2739 et
193 2673 319 2759 ignotos
336 2689 459 2740 montes
476 2697 637 2762 agrosque
651 2677 777 2741 salutat.

58 2782 148 2825 sacra
165 2759 237 2824 Iovi
254 2759 507 2910 facturqisberqt:s
513 2761 665 2911 ipoquqkilrlq
681 2761 841 2912 lqrniqqsstros

12 2916 19 2933 ⁸
59 2856 89 2910 et
99 2855 526 2998 pieltvearevququqqabaqqpssa
543 2933 659 2996 violata
675 2894 794 3010 securi·

57 3028 87 3083 et
104 3037 222 3102 specus
238 3016 271 3080 in
288 3016 408 3093 medio,
424 3017 521 3103 virgis
539 3039 578 3082 ac
595 3017 712 3083 vimine
730 3018 858 3097 densus,

56 3103 199 3169 efficiens
215 3101 368 3167 humilem
383 3103 526 3188 lapidum
543 3103 750 3188 compagibus
768 3127 887 3183 arcum,

55 3187 210 3253 uberibus
226 3184 383 3252 fecundus
399 3188 504 3271 aquis,
522 3189 577 3253 ubi
595 3188 741 3254 conditus
758 3201 848 3254 antro

53 3273 195 3340 Martius
213 3273 326 3359 anguis
343 3284 424 3350 erat,
442 3274 543 3339 cristis
560 3273 737 3360 praesignis
754 3286 786 3340 et
803 3298 890 3343 auro.

53 3360 128 3445 igne
146 3357 266 3423 micant
282 3359 366 3424 oculi
370 3383 380 3435 ;
398 3380 512 3445 eorpus
529 3371 630 3424 tumet
647 3382 741 3425 omne
758 3382 895 3438 venen03

54 3458 183 3528 tresque
202 3443 328 3508 vibrant
343 3443 487 3530 linguae;
505 3445 619 3531 triplici
638 3456 721 3510 stant
737 3447 847 3511 ordine
865 3446 985 3512 dentes.

53 3551 151 3614 quem
168 3538 338 3614 postquam
355 3529 454 3614 Tyria
470 3529 577 3595 lucum
595 3530 635 3597 de
651 3542 747 3617 gente
764 3532 899 3616 profecti

52 3616 194 3681 infausto
212 3614 345 3700 tetigere
361 3616 478 3700 gradu,
497 3616 694 3701 demissaque
711 3617 745 3680 in
761 3619 864 3682 undas

53 3724 134 3766 urna
151 3699 241 3766 dedit
258 3701 410 3779 sonitum,
427 3701 523 3787 longo
541 3713 636 3789 caput
652 3701 765 3767 extulit
782 3712 872 3768 antro

54 3786 219 3853 caeruleus
238 3807 366 3871 serpens
384 3786 602 3870 horrendaque
620 3787 712 3852 sibila
728 3787 824 3853 misit.

53 3872 207 3939 effluxere
225 3893 325 3937 urnae
341 3871 488 3938 manibus
506 3873 698 3959 sanguisque
714 3873 841 3957 reliquit
931 3910 934 3915 ·

53 3979 181 4045 corpus,
201 3967 234 4023 et
252 3957 399 4022 attonitos
418 3958 540 4023 subitus
557 3968 674 4024 tremor
692 3970 825 4045 occupat
843 3971 939 4028 artus.

52 4042 103 4112 ille
120 4041 318 4111 volubilibus
335 4064 520 4129 squamosos
538 4044 672 4112 nexibus
690 4044 782 4111 orbes
