2574 4478
225 308 592 367 METAMORPHOSEON
608 310 680 364 LIB.
700 310 750 364 IX.
770 309 912 365 tat-274.
1003 293 1077 359 '151

54 437 155 520 inque
172 455 285 519 pyram
303 432 443 511 structis,
461 455 569 498 arcum
586 431 830 518 pharetramque
848 454 997 518 capacem

55 542 221 606 regnaque
239 519 361 583 visuras
379 519 493 584 iterum
511 519 650 582 Troiana
667 518 797 603 sagittas

55 608 140 672 ferre
158 606 249 669 iubes
266 604 409 669 Poeante
427 616 530 668 satum
536 628 545 681 3
564 626 628 688 quo
647 605 774 668 flamma
792 604 933 668 ministro

56 691 195 756 subdita.
240 689 379 773 dumque
397 690 497 754 avidis
516 690 752 775 comprenditur
769 689 896 774 ignibus
914 711 1022 774 agger,

56 777 239 862 congeriem
258 776 355 840 silvae
372 776 533 841 Nemeaeo
551 776 665 840 vellere
684 797 839 839 summam

56 862 171 928 sternis
190 873 221 926 et
238 860 386 946 imposita
403 862 511 926 clavae
529 861 650 925 cervice
668 860 835 938 recumbis,

55 948 144 1012 haud
162 947 224 1012 alio
242 948 348 1022 vultu,
366 969 462 1029 quam
480 946 507 1010 si
526 947 659 1011 conviva
675 946 793 1011 iaceres

54 1035 140 1098 inter
157 1034 252 1118 plena
267 1032 347 1096 meri
364 1032 528 1096 redimitus
545 1033 660 1117 pocula
677 1032 777 1096 sertis.

99 1119 234 1201 Iamque
251 1118 359 1182 valens
379 1117 459 1182 etin
478 1140 570 1182 omne
588 1119 670 1182 latus
689 1117 805 1181 diffusa
823 1117 955 1181 sonabat

56 1225 250 1287 securosque
268 1214 354 1267 artus
373 1213 682 1288 contemptoremque
699 1203 828 1288 petebat

55 1292 187 1354 flamma
205 1311 308 1353 suum.
352 1288 484 1353 timuere
502 1289 554 1352 dei
592 1309 627 1352 ro
646 1287 770 1353 vindice
788 1299 898 1354 terrae.

55 1397 139 1460 quos
156 1374 200 1438 ita
217 1372 330 1456 (sensit
347 1374 446 1459 enim)
463 1375 545 1438 laeto
564 1312 733 1440 Saturnius
750 1395 804 1438 ore

54 1460 204 1546 Iuppiter
220 1459 403 1542 alloquitur:
423 1467 544 1523 ‘nostra
562 1470 609 1524 est
626 1458 720 1523 timor
736 1459 796 1524 iste
814 1461 970 1545 voluptas,

55 1569 76 1612 o
95 1545 217 1631 superi,
235 1554 364 1627 totoque
381 1544 482 1610 libens
500 1544 578 1608 mihi
594 1556 722 1630 pectore
738 1556 856 1630 grator,

56 1633 145 1717 quod
162 1629 310 1696 memoris
328 1630 437 1715 populi
454 1629 542 1694 dicor
559 1642 723 1714 rectorque
741 1642 903 1716 paterque,

56 1730 90 1784 et
107 1739 180 1781 mea
196 1716 364 1801 progenies
381 1727 486 1779 vestro
505 1737 631 1799 quoque
649 1726 718 1780 tuta
735 1717 843 1781 favore
862 1728 918 1781 est.

55 1826 133 1868 nam
151 1822 344 1886 quamquam
361 1800 461 1886 ipsius
480 1801 573 1864 datur
589 1801 649 1866 hoc
667 1802 858 1867 immanibus
876 1803 964 1879 actis,

57 1889 184 1974 obligor
200 1887 269 1972 ipse
286 1897 402 1951 tamen.
447 1886 503 1951 sed
521 1887 604 1952 enim
621 1886 695 1970 (nec
712 1900 842 1973 pectora
859 1910 941 1953 vano

57 1975 123 2039 fida
138 1983 227 2038 metu
243 1972 395 2057 paveant)
411 1971 487 2035 istas
504 1971 568 2035 iam
586 1973 722 2058 spernite
741 1975 893 2038 flammas.

57 2058 165 2125 omnia
183 2058 238 2141 qui
255 2057 345 2134 vicit,
364 2057 483 2134 vincet,
502 2079 582 2141 quos
600 2059 741 2134 cernitis,
759 2061 863 2144 ignes3

57 2168 117 2210 nec
133 2143 196 2208 nisi
213 2153 355 2207 materna
372 2143 552 2208 Volcanum
569 2155 658 2229 parte
675 2155 837 2228 potentem

59 2230 181 2296 sentiet.
226 2240 388 2293 aeternum
407 2240 467 2304 est,
486 2251 505 2292 a
522 2252 573 2293 me
591 2228 677 2312 quod
695 2229 803 2305 traxit,
822 2241 854 2294 et
871 2253 983 2315 expers

58 2329 154 2399 atque
171 2314 312 2378 immune
329 2313 415 2378 necis
439 2314 580 2398 nullique
601 2314 758 2379 domabile
776 2315 930 2382 flammae.

58 2402 154 2484 idque
175 2422 234 2485 ego
253 2399 438 2464 defunctum
455 2411 539 2464 terra
556 2399 744 2464 caelestibus
763 2399 826 2463 oris

59 2485 226 2572 accipiam,
245 2485 429 2568 cunctisque
447 2507 553 2549 meum
569 2484 716 2549 laetabile
734 2484 854 2548 factum

59 2573 106 2637 dis
124 2572 194 2636 fore
213 2569 347 2634 confido.
391 2571 418 2634 si
436 2570 506 2654 quis
524 2582 630 2634 tamen
647 2571 803 2646 Hercule,
822 2570 848 2634 si
866 2571 937 2654 quis

58 2659 140 2724 forte
159 2657 219 2720 deo
237 2655 391 2720 doliturus
409 2655 482 2732 erit,
500 2656 574 2720 data
590 2657 731 2742 praemia
748 2656 843 2733 nolet,

58 2745 114 2809 sed
132 2741 286 2807 meruisse
304 2740 372 2805 dari
389 2741 467 2805 sciet
482 2741 662 2825 invitusque
679 2742 847 2827 probabit?

57 2849 222 2895 assensere
241 2826 301 2891 dei.
345 2827 484 2890 coniunx
501 2848 626 2910 quoque
643 2827 732 2913 regia
749 2827 818 2891 visa
835 2839 883 2893 est

57 2926 165 2980 cetera
181 2933 245 2977 non
263 2912 357 2988 duro,
376 2912 454 2975 duro
472 2922 578 2976 tamen
595 2912 706 2978 ultima
723 2914 814 2977 vultu

56 3001 144 3065 diota
161 2997 269 3062 tulisse
287 2997 373 3061 Iovis
391 3019 488 3080 seque
504 2997 675 3064 indoluisse
692 3010 843 3064 notatam.

54 3087 179 3150 interea
196 3083 418 3167 quodcumque
435 3083 496 3147 fuit
512 3084 692 3168 populabile
711 3085 866 3162 flammae,

55 3170 220 3236 Mulciber
237 3169 423 3245 abstulerat3
441 3190 501 3232 nec
520 3170 740 3254 cognoscenda
756 3171 906 3235 remansit

55 3255 208 3321 Herculis
227 3253 364 3338 effigies,
381 3276 441 3318 nec
458 3254 628 3338 quicquam
645 3256 686 3319 ab
704 3256 841 3341 imagine
859 3257 989 3320 ductum

53 3341 167 3406 matris
184 3339 295 3416 habet,
311 3349 498 3423 tantumque
515 3340 601 3404 Iovis
619 3340 753 3490 vestigia
771 3353 884 3405 servat.

54 3439 157 3511 utque
175 3447 277 3490 novus
295 3447 437 3510 serpens,
455 3425 558 3510 posita
575 3448 648 3490 cum
665 3449 705 3511 pe
718 3428 747 3491 le
766 3438 900 3504 senecta,

53 3511 218 3577 luxuriare
236 3510 316 3575 solet
333 3532 527 3593 squamaque
547 3513 647 3577 nitere
662 3512 794 3578 recenti:

55 3598 103 3663 sic
120 3597 178 3663 ubi
194 3596 342 3661 mortales
360 3595 545 3680 Tirynthius
564 3600 650 3662 exuit
668 3609 764 3674 artus,

53 3693 146 3770 parte
164 3682 215 3748 sui
232 3682 360 3746 meliore
378 3681 478 3767 viget,
497 3681 659 3765 maiorque
676 3683 776 3747 videri

55 3768 162 3854 coepit
178 3778 211 3834 et
228 3777 364 3853 augusta
380 3768 449 3832 fieri
466 3768 621 3853 gravitate
638 3769 805 3834 verendus.
1097 3792 1147 3840 ato

55 3874 154 3938 quem
170 3863 263 3954 pater
279 3852 477 3938 omnipotens
495 3853 577 3918 inter
594 3875 673 3918 cava
689 3855 799 3918 nubila
816 3866 942 3938 raptum

54 3939 246 4024 quadrimgo
264 3960 359 4003 curru
375 3938 571 4003 radiantibus
587 3939 693 4004 intulit
710 3939 811 4004 astris.

99 4022 207 4090 Sensit
216 4023 309 4088 Atlas
318 4024 453 4109 pondus.
479 4045 582 4107 neque
592 4025 695 4090 adhuc
706 4024 905 4091 Stheneleius
915 4026 977 4090 iras
989 4025 1111 4077 Alcmene
1123 4033 1147 4077 εἰ

55 4102 195 4176 solverat
211 4107 421 4196 Eurystheus.
440 4110 611 4196 odiumque
628 4111 662 4175 in
678 4111 766 4200 prole
782 4122 951 4198 paternum
988 4093 1134 4148 cataniae.
