2574 4478
221 203 282 269 156
538 216 572 271 P.
591 181 718 273 ovmu¹
732 214 895 272 unsours

218 339 284 404 filia
301 338 469 404 Maeandri
486 338 600 404 totiens
618 340 777 404 redeuntis
796 339 918 414 eodem,

220 425 347 510 cognita
365 423 494 509 Cyanee
522 425 715 509 praestantia
732 447 864 509 corpora
881 425 994 502 forma,

219 510 358 594 Byblida
375 531 448 573 cum
467 507 591 586 Cauno,
608 510 729 595 prolem
747 522 794 574 θεῖ
812 510 905 575 enixa
922 510 1100 594 gemellam.
1142 527 1242 596 Byblis.

219 595 331 679 Byblis
348 595 381 658 in
399 596 544 679 exemplo
562 607 624 670 θεῖ,
642 607 679 660 ut
696 605 802 660 ament
821 617 970 660 concessa
987 596 1118 681 puellae

151 700 201 748 455
221 681 333 765 Byblis
350 680 511 765 Apollinei
529 693 672 764 correpta
691 680 837 765 cupidine
855 680 961 744 fratris

219 787 282 829 non
300 787 388 829 soror
405 778 441 829 ut
457 766 601 841 fratrem,
620 788 679 830 nec
697 787 760 849 qua
778 766 929 842 debebat,
948 765 1075 830 amavit.

219 850 273 914 illa
291 850 417 934 quidem
435 851 536 935 primo
554 851 657 915 nullos
674 851 828 935 intellegit
845 851 945 936 ignes,

220 958 278 1000 neo
318 957 427 1000 eccere
443 947 548 1020 putat,
567 936 653 1019 quod
671 936 796 1021 saepius
814 937 922 1000 oscula
938 936 1061 1022 iungat,

221 959 316 1104 quod
322 1043 380 1085 sua
397 1021 537 1086 fraterno
555 1022 727 1086 circumdet
743 1020 893 1085 bracchia
910 1022 1006 1100 collo;

153 1125 204 1175 460
221 1107 428 1190 mendacique
447 1107 502 1170 diu
519 1105 645 1192 pietatis
662 1106 782 1170 fallitur
799 1108 922 1171 umbra.

221 1192 373 1277 paulatim
391 1191 528 1257 declinat
546 1215 644 1269 amor,
662 1193 830 1275 visuraque
847 1192 977 1257 fratrem

220 1278 304 1341 culta
321 1277 407 1341 venit
423 1277 619 1360 nimiumque
636 1278 723 1363 cupit
741 1276 879 1342 formosa
896 1278 1010 1344 videri:

220 1374 252 1427 et
269 1363 295 1426 si
313 1384 377 1446 qua
394 1363 521 1426 estillic
539 1363 716 1440 formosior,
733 1363 853 1428 invidet
869 1363 925 1428 illi.

221 1447 277 1512 sed
293 1448 435 1511 nondum
452 1448 619 1513 manifesta
637 1449 698 1512 sibi
715 1459 762 1513 est
779 1449 965 1533 nullumque
982 1450 1042 1515 sub
1060 1450 1113 1515 illo

153 1551 202 1600 465
220 1533 294 1618 igne
312 1533 388 1597 facit
406 1543 529 1598 votum:
548 1545 765 1599 verumtamen
783 1545 906 1599 aestuat
923 1536 1019 1600 intus.

220 1619 283 1681 iam
302 1618 464 1683 dominum
482 1620 633 1705 appellat,
651 1619 715 1683 iam
731 1620 861 1684 nomina
878 1621 1042 1706 sanguinis
1059 1621 1140 1687 odit:

219 1703 371 1789 Byblida,
388 1704 453 1769 iam
470 1707 604 1781 mavult,
623 1726 720 1788 quarn
737 1728 771 1770 εθ
789 1716 881 1771 vocet
897 1706 950 1771 ille
967 1727 1118 1772 sororem.

221 1811 292 1874 spes
309 1800 415 1853 tamen
433 1789 585 1855 obscenas
603 1791 708 1855 animo
727 1791 890 1856 demittere
907 1813 972 1856 non
989 1803 1039 1857 θεῖ

220 1897 298 1938 ausa
316 1896 373 1939 suo
390 1874 538 1960 vigilans:
557 1876 681 1960 placida
699 1878 836 1941 resoluta
853 1876 958 1960 quiete

151 1980 203 2029 470
221 1983 315 2044 saepe
334 1960 434 2036 videt,
457 1961 543 2044 quod
564 1973 659 2026 amat.
704 1962 772 2026 visa
790 1974 837 2026 θεῖ
853 1984 980 2046 quoque
1002 1962 1136 2049 iungere
1153 1964 1242 2031 fratri

220 2067 348 2130 corpus3
366 2047 553 2129 eterubuit,
572 2046 716 2130 quamvis
735 2047 837 2133 sopita
853 2048 987 2113 iacebat.

221 2153 349 2196 somnus
368 2130 442 2196 abit.
487 2132 557 2197 silet
573 2133 628 2197 illa
645 2133 699 2196 diu
718 2134 892 2218 repetitque
909 2133 1024 2216 quietis

219 2215 289 2300 ipsa
306 2240 382 2282 suae
399 2218 535 2302 speciem
554 2219 714 2302 dubiaque
730 2218 776 2282 ita
792 2230 897 2284 mente
915 2217 1073 2304 profatur:

220 2308 284 2367 ‘me
302 2302 463 2368 miseram!
481 2303 595 2368 tacitae
613 2304 690 2386 quid
708 2305 776 2368 vult
793 2304 852 2368 sibi
870 2305 969 2368 noctis
987 2305 1114 2388 imago?

152 2407 202 2455 475
221 2409 316 2471 quam
334 2389 431 2452 nolim
447 2401 517 2452 rata
534 2389 587 2453 siti
615 2411 671 2453 cur
688 2389 767 2454 haec
785 2411 844 2474 ego
863 2390 985 2454 somnia
1003 2390 1088 2454 vidi?

219 2473 272 2538 ille
289 2473 417 2556 quidem
435 2485 482 2539 est
500 2474 598 2539 oculis
617 2475 760 2557 quamvis
779 2474 935 2540 formosus
953 2475 1082 2559 iniquis,

220 2570 250 2623 θῖ
267 2559 383 2643 placet,
402 2571 434 2624 et
450 2560 582 2644 possim,
601 2560 709 2624 sinon
727 2560 768 2624 sit
783 2560 890 2637 frater,
909 2583 1026 2638 amare,

219 2655 251 2708 et
267 2667 318 2708 me
336 2645 451 2728 dignus
469 2656 545 2708 crat.
589 2669 700 2710 verum
717 2657 810 2710 nocet
827 2668 895 2710 esse
913 2668 1063 2712 sororem.

219 2731 294 2793 dum
312 2730 406 2794 modo
419 2731 487 2804 ¹tale
504 2729 583 2794 nihil
599 2731 733 2815 vigilans
752 2732 946 2796 committere
964 2743 1126 2817 temptem,

151 2833 201 2883 480
219 2838 312 2900 saepe
329 2816 403 2880 licet
420 2816 512 2879 simili
530 2815 638 2881 redeat
656 2816 715 2880 sub
733 2816 871 2900 imagine
889 2839 1033 2882 somnus:

218 2901 306 2966 testis
325 2902 413 2965 abest
431 2923 550 2976 somno,
568 2924 627 2966 neo
645 2902 734 2966 abest
750 2901 874 2966 imitata
890 2903 964 2967 volu
987 2914 1046 2968 tas.

218 3008 275 3070 pro
294 2987 404 3050 Venus
422 2998 453 3050 et
471 2998 579 3051 tenera
596 2988 724 3052 volucer
741 3009 814 3051 cum
832 2997 931 3053 matre
980 2988 1088 3073 upido,

218 3071 337 3156 gaudia
354 3083 472 3153 quanta
489 3071 562 3135 tulit
590 3094 686 3156 quam
704 3095 755 3138 me
772 3072 940 3138 manifesta
956 3073 1055 3138 libido

219 3157 363 3241 contigit!
382 3168 417 3221 ut
434 3157 517 3221 iacui
534 3157 607 3222 totis
624 3159 761 3223 resoluta
777 3158 938 3223 medullisl

150 3260 199 3309 485
217 3254 252 3306 ut
269 3242 448 3307 meminisse
465 3242 567 3307 iuvat!
594 3244 738 3326 quamvis
756 3244 860 3308 brevis
877 3244 931 3308 illa
949 3246 1105 3330 voluptas,

217 3349 343 3410 noxque
361 3328 421 3391 fuit
438 3350 589 3412 praeceps
608 3340 639 3394 et
657 3329 775 3413 coeptis
792 3329 900 3393 invida
917 3331 1042 3395 nostris.

218 3436 237 3476 o
255 3435 326 3498 ego,
344 3414 370 3476 si
388 3413 481 3477 liceat
498 3426 619 3478 mutato
636 3415 763 3479 nomine
780 3415 879 3500 iungi,

218 3519 313 3581 quam
331 3498 426 3574 bene,
445 3497 572 3576 Caune,
589 3510 644 3563 tuo
661 3511 803 3584 poteram
821 3523 919 3564 nurus
937 3523 1006 3567 θεεθ
1027 3502 1165 3587 parentii

219 3584 427 3666 quambene,
447 3583 570 3664 Carme,
587 3607 658 3648 meo
678 3596 801 3669 poteras
819 3609 917 3671 gener
935 3609 1003 3652 esse
1021 3588 1159 3673 parentii

149 3688 200 3737 490
218 3669 337 3744 omnia,
356 3669 387 3732 di
405 3669 559 3745 facerent,
577 3683 682 3734 essent
700 3673 879 3735 communia
896 3672 997 3749 nobis,

217 3765 342 3839 praeter
360 3777 448 3818 avos:
468 3767 501 3819 tu
519 3778 570 3820 me
589 3757 702 3821 vellem
719 3757 901 3841 generosior
919 3780 1015 3822 esses.

216 3840 323 3904 nescio
341 3861 436 3923 quam
454 3839 550 3905 facies
568 3840 674 3926 igitur,
693 3842 917 3925 pulcherrime,
934 3856 1082 3923 matrem3

217 3939 250 3989 at
268 3923 360 3999 mihi,
379 3946 460 4007 quae
477 3927 559 3991 male
577 3949 662 4003 sum,
681 3948 760 4008 quos
778 3938 828 4003 tu,
847 3927 955 3992 sortita
972 3942 1131 4013 parentes,

216 4010 261 4076 nil
279 4008 338 4074 nisi
356 4010 452 4077 frater
469 4012 544 4077 eris:
563 4011 649 4097 quod
666 4011 767 4090 obest,
784 4012 817 4077 id
835 4012 1023 4081 habebimus
1042 4016 1162 4083 unum?
