2574 4478
161 199 223 266 182
488 214 521 267 P.
541 181 843 272 ovinn'unsorus

157 337 261 402 flebile
278 337 383 403 nescio
402 336 478 421 quid
496 338 637 420 queritur
654 338 737 422 lyra,
753 337 858 402 flebile
875 336 985 422 lingua

156 435 331 488 murmurat
349 423 516 501 exanimis,
533 424 725 508 respondent
741 422 844 488 flebile
861 422 959 508 ripae.

156 509 283 592 iamque
300 532 385 574 mare
403 509 546 575 invectae
563 509 681 574 flumen
699 510 850 594 populare
867 508 1051 592 relinquunt

106 614 138 664 55
157 605 188 659 ct
205 594 451 680 Methymnaeae
467 594 630 679 potiuntur
646 594 736 659 litore
755 593 866 659 Lesbi.

156 679 209 746 hic
225 680 310 744 ferus
329 680 506 765 expositum
523 680 697 765 peregrinis
716 679 829 764 anguis
846 677 973 744 harenis

157 787 192 829 os
210 767 288 850 petit
305 776 336 830 et
354 788 478 850 sparsos
497 765 627 830 stillanti
642 787 712 829 rore
731 765 870 850 capillos.

156 851 283 916 tandem
301 850 452 916 Phoebus
470 851 559 916 adest
576 871 761 934 morsusque
778 850 895 915 inferre
912 861 1079 936 parantem

158 947 256 1013 arcet,
275 948 305 1000 et
323 936 356 1000 in
373 937 511 1021 lapidem
527 936 624 1002 rictus
642 936 794 1021 serpentis
813 946 937 1021 apertos

109 1039 141 1090 60
159 1022 303 1107 congelat
320 1032 351 1087 et
367 1023 507 1107 patulos,
526 1032 562 1087 ut
578 1032 682 1098 erant,
700 1021 828 1086 indurat
844 1022 959 1087 hiatus.

156 1107 270 1172 umbra
287 1107 372 1172 subit
388 1119 503 1186 terras,
521 1118 552 1172 et
569 1129 651 1191 quae
668 1108 738 1171 loca
756 1107 878 1172 viderat
895 1117 979 1187 ante,

157 1203 272 1258 cuncta
288 1193 496 1279 recognoscit:
515 1214 732 1277 quaerensque
749 1215 806 1278 per
823 1215 899 1258 arva
915 1193 1042 1279 piorum

156 1278 276 1345 invenit
293 1278 476 1364 Eurydicen
494 1279 679 1364 cupidisque
698 1278 896 1363 amplectitur
912 1279 1005 1345 ulnis.

157 1364 209 1429 hic
225 1365 320 1429 modo
338 1364 512 1429 coniunctis
529 1365 706 1449 spatiantur
722 1363 868 1449 passibus
885 1365 994 1429 ambo:

108 1467 140 1516 65
158 1473 242 1514 nunc
281 1450 499 1515 raecedentem
517 1450 668 1533 sequitur,
685 1471 771 1514 nunc
788 1450 936 1534 praevius
953 1452 1063 1529 anteit,

67 1613 69 1615 ¹
157 1473 402 1620 Eurydcenque
420 1559 510 1600 suam
526 1536 591 1600 iam
607 1545 676 1600 tuto
692 1535 820 1620 respicit
838 1534 998 1620 Orpheus.

199 1621 273 1686 Non
289 1623 417 1706 impune
434 1631 540 1686 tamen
557 1621 659 1686 scelus
676 1621 737 1685 hoc
755 1621 829 1684 sinit
846 1643 915 1687 esse
932 1620 1079 1707 Lyaensr
1098 1622 1179 1686 (Bac-

158 1707 335 1791 amissoque
353 1707 462 1772 dolens
480 1729 639 1771 sacrorum
656 1717 728 1771 vate
746 1728 875 1770 suorum
1099 1691 1179 1759 dm)

157 1792 299 1878 protinus
316 1792 350 1856 in
367 1792 454 1857 silvis
470 1802 586 1856 matres
604 1791 767 1856 Edonidas
785 1813 904 1870 omnes,

108 1898 140 1946 70
158 1900 240 1961 quae
257 1878 364 1942 videre
381 1878 485 1953 nefas,
504 1888 586 1943 torta
602 1876 708 1942 radice
725 1876 845 1961 ligavit.

158 1962 274 2049 quippe
291 1964 408 2048 pedum
426 1963 554 2048 digitos,
571 1963 605 2027 in
622 1973 778 2046 quantum
795 1973 843 2027 est
860 1984 1006 2048 quaeque
1024 1976 1146 2046 secuta,

157 2049 266 2126 traxit,
285 2050 366 2114 etin
384 2048 516 2113 solidam
533 2049 666 2114 detrusit
682 2046 829 2112 acumina
846 2059 972 2113 terram.

157 2143 255 2216 utque
272 2157 366 2198 suum
382 2134 518 2216 laqueis,
537 2155 616 2217 quos
634 2133 765 2199 callidus
783 2133 904 2198 abdidit
921 2157 1051 2221 auceps,

158 2242 230 2284 crus
247 2219 303 2284 ubi
320 2220 475 2284 commisit
491 2220 642 2297 volucris,
661 2218 819 2302 sensitque
836 2218 946 2297 teneri,

108 2323 139 2370 75
157 2304 318 2391 plangitur
334 2327 372 2371 ac
389 2305 548 2390 trepidans
566 2305 710 2390 astringit
726 2304 852 2369 vincula
868 2314 972 2370 motu:

158 2391 217 2468 sic,
235 2401 271 2456 ut
288 2412 432 2474 quaeque
450 2391 517 2456 solo
535 2391 640 2455 defixa
656 2389 839 2455 cohaeserat
855 2391 979 2469 harum,

158 2487 320 2542 externata
336 2476 447 2562 fugam
464 2476 581 2541 frustra
597 2475 786 2561 temptabat3
804 2487 837 2541 at
852 2476 940 2541 illam

156 2563 242 2627 lenta
258 2572 344 2627 tenet
360 2562 450 2626 radix
469 2563 725 2645 exultantemque
742 2571 875 2627 coercet.

158 2649 308 2730 dumque,
325 2647 382 2711 ubi
395 2648 457 2711 sint
470 2647 570 2733 digiti,
588 2647 675 2724 dum,
692 2668 748 2732 pes
761 2647 826 2725 ubi,
844 2647 978 2732 quaerit,
996 2661 1028 2715 et
1042 2674 1179 2738 ungues,

108 2750 141 2799 80
159 2733 270 2818 aspicit
287 2734 320 2796 in
338 2742 451 2798 teretes
467 2733 590 2818 lignum
609 2733 777 2797 succedere
794 2755 894 2798 suras.

158 2830 190 2884 et
207 2829 320 2883 conata
336 2817 439 2883 femur
455 2818 606 2884 maerenti
624 2818 774 2903 plangere
791 2819 912 2896 dextra,

157 2905 271 2969 robora
287 2905 454 2989 percussit:
472 2915 582 2989 pectus
599 2924 725 2987 quoque
742 2903 856 2969 robora
872 2905 968 2971 fiunt:

157 2990 272 3055 robora
288 3000 362 3054 sunt
379 2989 494 3054 umeri:
515 3002 722 3075 porrectaque
740 2989 888 3054 bracchia
905 3010 997 3054 veros

158 3098 226 3140 esse
242 3086 335 3160 putes
351 3096 471 3150 ramos,
489 3085 520 3139 et
536 3097 600 3138 non
616 3074 726 3138 fallare
744 3076 895 3160 putando.

107 3179 140 3229 85
199 3161 268 3226 Nec
285 3159 361 3225 satis
378 3161 439 3225 hoc
455 3160 584 3225 Baccho
601 3170 658 3225 est.
702 3161 786 3245 ipsos
804 3181 930 3244 quoque
948 3161 1065 3228 deserit
1081 3186 1176 3248 agros

157 3267 293 3329 cumque
310 3245 406 3311 choro
423 3245 552 3310 meliore
570 3245 619 3310 sui
635 3244 742 3310 vineta
757 3245 875 3311 Timoli
1067 3249 1175 3315 [Midas.

156 3332 374 3414 Pactolonque
390 3332 469 3416 petit
474 3355 484 3410 ;
503 3331 647 3415 quamvis
664 3352 729 3395 non
746 3353 860 3396 aureus
876 3331 932 3396 illo

157 3429 297 3504 tempore
314 3439 373 3482 nec
391 3418 471 3481 caris
489 3428 556 3482 erat
572 3417 746 3481 invidiosus
763 3416 897 3482 harenis.

156 3504 241 3568 hunc
258 3513 384 3568 assueta
401 3503 512 3567 cohors
531 3500 638 3587 Satyri
654 3502 864 3586 Bacchaeque
881 3503 1095 3586 frequentant.

106 3607 140 3658 90
157 3600 189 3654 at
208 3587 334 3656 Silenus
353 3588 451 3653 abest.
495 3588 683 3653 titubantem
700 3589 853 3671 annisque
870 3611 1022 3672 meroque

156 3674 311 3740 ruricolae
329 3697 439 3760 cepere
456 3673 616 3759 Phryges,
634 3673 838 3756 vinctumque
856 3674 979 3739 coronis

156 3761 198 3824 ad
216 3783 324 3846 regem
342 3760 461 3825 duxere
478 3759 605 3835 Midan,
624 3760 675 3822 cui
692 3758 847 3824 Thracius
866 3757 1017 3845 Orpheus

157 3846 254 3946 orgia·
263 3845 433 3911 tradiderat
451 3868 522 3911 cum
541 3841 703 3945 Cecropio·
713 3842 882 3930 Eumolpo.

156 3951 213 4015 qur
229 3930 322 3994 simul
340 3931 469 4016 agnovit
486 3931 605 3996 socium
623 3940 832 4013 comitemque
850 3953 1024 4012 sacrorum,

106 4034 139 4093 tc
156 4015 288 4104 hospitis
305 4016 443 4082 adventu
460 4016 576 4082 festum
592 4015 757 4103 geniahter
775 4015 840 4102 egit
