2574 4478
143 277 187 345 44
477 292 511 348 Ρ.
530 292 655 349 OVIDII
671 291 834 349 NASONIS

146 429 178 483 et
195 415 294 483 niveis
312 415 444 483 Leucon
462 428 494 482 et
511 417 592 482 villis
610 416 752 481 Asbolus
770 417 845 482 atris

146 504 408 589 praevalidusque
426 504 537 568 Lacon
555 514 586 568 et
604 524 700 568 cursu
716 501 806 566 fortis
824 502 918 567 Ae'llo

80 608 130 660 aso
148 601 180 654 et
197 590 306 654 Thous
325 601 356 654 et
373 586 494 675 Cyprio
512 590 605 654 velox
623 610 696 653 eum
713 587 810 653 fratre
828 587 975 674 Lycisce,

148 688 179 740 et
196 675 320 760 nigram
337 677 441 739 medio
458 674 595 739 frontem
613 674 779 739 distinctus
797 674 838 738 ab
855 675 928 738 albo

147 762 307 846 Harpalos
325 773 356 825 et
372 761 541 826 Melaneus
558 760 743 844 hirsutaque
761 782 891 845 corpore
909 757 1053 836 Lachne,

148 859 180 911 et
197 857 285 931 patre
303 845 452 922 Dictaeo,
470 847 527 914 sed
544 857 644 911 matre
661 845 825 910 Laconide
842 845 909 910 nati

148 932 273 996 Labros
291 944 322 997 et
339 932 514 1017 Argiodus,
532 944 563 997 et
581 942 693 997 acutae
710 931 797 996 vocis
814 932 980 1017 Hylactor,

81 1038 131 1086 225
151 1039 294 1102 quosque
311 1018 428 1082 referre
449 1029 612 1083 moreest.
657 1040 695 1082 ea
712 1017 806 1082 turba
823 1017 970 1102 cupidine
987 1016 1127 1101 praedae

148 1127 206 1190 per
222 1126 317 1189 rupes
335 1104 542 1189 scopulosque
561 1104 711 1186 adituque
730 1103 869 1167 carentia
885 1125 972 1176 saxa,

150 1211 276 1272 quaque
295 1200 343 1254 est
360 1189 496 1253 difficilis
514 1210 641 1272 quaque
659 1199 708 1253 est
724 1188 777 1252 via
794 1189 890 1265 nulla,
898 1197 1084 1271 sequuntur.

149 1275 202 1339 ille
219 1275 302 1359 fugit
319 1297 375 1359 per
393 1296 474 1357 quae
491 1274 596 1339 fuerat
611 1273 682 1338 loca
699 1296 793 1358 saepe
811 1284 947 1338 secutus.

149 1361 227 1437 heu,
245 1361 381 1424 famulos
398 1360 480 1445 fugit
497 1361 565 1445 ipse
583 1359 677 1424 suosl'
690 1360 826 1425 clamare
842 1359 962 1424 libebat

83 1463 133 1513 230
151 1447 305 1511 ‘Actaeon
324 1467 383 1530 ego
401 1468 485 1522 sum,
504 1445 667 1509 dominum
685 1445 865 1528 cognoscite
882 1442 1064 1508 vestruml'’

150 1531 249 1596 verba
266 1531 370 1594 animo
388 1531 516 1596 desunt:
534 1541 661 1596 resonat
677 1531 842 1595 latratibus
860 1529 977 1596 aether.

150 1616 253 1702 prima
269 1616 506 1682 Melanchaetes
523 1616 557 1681 in
574 1629 664 1702 tergo
681 1616 813 1681 vulnera
830 1616 915 1693 fecit,

151 1702 296 1788 proxima
306 1701 538 1766 Therodamas:
552 1699 779 1787 Oresitrophus
797 1702 899 1766 haesit
915 1701 949 1764 in
966 1722 1065 1765 armo.

153 1788 272 1852 tardius
290 1787 444 1864 exierant,
463 1788 519 1852 sed
535 1810 593 1873 per
610 1787 797 1872 compendia
814 1785 930 1852 montis

86 1890 134 1938 235
152 1872 322 1957 anticipata
339 1873 391 1938 via
408 1884 466 1938 est.
509 1873 672 1938 dominum
689 1872 896 1938 retinentibus
913 1872 975 1937 illis

153 1970 257 2022 cetera
274 1958 368 2023 turba
385 1959 448 2022 coit
464 1959 647 2042 confertque
664 1959 698 2022 in
715 1979 845 2044 corpore
864 1957 983 2022 dentes.

153 2045 217 2107 iam
233 2043 304 2108 loca
321 2044 504 2108 vulneribus
522 2044 646 2109 desunt.
689 2045 787 2130 gemit
804 2044 872 2121 ille,
889 2064 1079 2126 sonumque,

154 2129 212 2194 etsi
228 2151 292 2194 non
309 2128 457 2206 hominis,
476 2151 571 2212 quem
588 2151 652 2194 non
669 2140 776 2194 tamen
793 2129 886 2194 edere
902 2130 1002 2215 possit

154 2237 281 2290 cervus,
299 2214 395 2280 habet
412 2216 603 2299 maestisque
619 2215 720 2300 replet
737 2215 814 2302 iuga
830 2224 906 2279 nota
922 2214 1074 2298 querelis3

87 2318 136 2366 240
155 2317 184 2367 et
202 2300 338 2385 genibus
356 2301 462 2385 pronis
481 2301 616 2386 supplex
633 2300 806 2385 similisque
823 2301 948 2386 roganti

154 2386 335 2451 circumfert
352 2386 462 2452 tacitos
480 2398 643 2469 tamquam
660 2409 719 2451 sua
734 2386 882 2452 bracchia
899 2386 1015 2451 vultus.

154 2483 186 2537 at
204 2473 333 2536 comites
350 2472 496 2558 rapidum
514 2473 612 2536 solitis
630 2472 805 2537 hortatibus
824 2495 939 2558 agmen

153 2557 256 2643 ignari
273 2557 425 2643 instigant
442 2558 604 2641 oculisque
622 2558 788 2623 Actaeona
806 2557 982 2642 quaeumtl

154 2654 186 2708 et
203 2644 290 2707 velut
307 2643 469 2709 absentem
487 2644 630 2716 certatim
646 2644 813 2708 Actaeona
830 2643 967 2708 clamant
982 2679 1026 2690 —-

87 2746 136 2794 245
154 2730 196 2792 ad
212 2751 329 2793 nomen
346 2751 383 2793 ca
405 2740 442 2794 ut
458 2729 510 2794 ille
527 2729 623 2794 refert
639 2765 683 2775 -
700 2739 732 2794 et
749 2729 860 2794 abesse
877 2739 1063 2812 queruntur,

154 2836 214 2879 nec
232 2837 344 2899 capere
363 2753 486 2879 oblatae
504 2837 634 2900 segnem
652 2815 831 2900 spectacula
847 2814 994 2898 praedae.

155 2899 250 2964 vellet
267 2899 377 2964 abesse
395 2900 538 2983 quidem;
556 2900 612 2964 sed
630 2900 727 2964 adest.
772 2900 928 2982 velletque
945 2900 1064 2978 videre,

155 3006 220 3049 non
237 2986 332 3050 etiam
350 2985 479 3063 sentire,
499 3008 613 3051 canum
630 2986 698 3051 fera
715 2985 801 3049 facta
818 3007 955 3050 suorum.

157 3069 296 3153 undique
314 3070 530 3148 circumstant,
548 3072 722 3154 mersisque
738 3071 772 3135 in
789 3092 919 3156 corpore
937 3071 1046 3135 rostris

89 3171 139 3221 250
158 3156 329 3220 dilacerant
346 3155 419 3219 falsi
436 3157 599 3221 dominum
617 3157 677 3220 sub
693 3157 832 3242 imagine
850 3156 944 3221 cervi.

157 3239 230 3326 [neo
247 3241 307 3305 nisi
324 3241 413 3304 finita
429 3264 486 3326 per
503 3243 639 3327 plurima
655 3243 786 3306 vulnera
803 3241 869 3306 vita

154 3327 202 3390 ira
219 3326 417 3411 pharetratae
435 3327 536 3391 fertur
553 3328 666 3392 satiata
682 3325 833 3412 Dianae]

197 3411 320 3476 Rumor
335 3412 369 3477 in
387 3412 536 3496 ambiguo
555 3424 612 3477 est.
639 3413 707 3478 aliis
725 3413 890 3478 violentior
907 3434 1009 3496 aequo
1065 3429 1168 3484 Semela

155 3496 223 3560 visa
241 3497 301 3560 dea
318 3508 380 3573 est,
398 3497 451 3560 alii
468 3498 599 3562 laudant
616 3498 809 3584 dignamque
827 3521 936 3564 severa

88 3600 137 3649 255
155 3581 334 3666 virginitate
352 3593 476 3646 vocant.
520 3606 593 3666 pars
610 3583 730 3649 invenit
747 3596 880 3669 utraque
899 3607 1021 3648 causas.

156 3668 224 3731 sola
240 3667 327 3731 Iovis
345 3668 482 3733 coniunx
499 3691 563 3733 non
581 3679 646 3733 tam
663 3671 808 3755 culpetne
825 3670 979 3755 probetne

156 3752 321 3835 eloquitur,
339 3774 436 3836 quam
454 3753 543 3818 clade
561 3755 673 3820 domus
691 3756 732 3819 ab
749 3756 899 3839 Agenore
917 3755 1031 3821 ductae

155 3836 289 3936 gaudet,
306 3849 338 3903 et
354 3862 374 3903 a
391 3839 490 3923 Tyria
508 3839 674 3904 collectum
690 3839 813 3926 paelice
830 3841 982 3906 transfert

154 3944 189 3985 m
205 3923 330 4008 generis
347 3925 448 3989 socios
466 3924 583 3989 odium.
627 3926 712 3990 subit
730 3947 802 3990 ecce
819 3925 915 4010 priori

36 4062 46 4083 .,
87 4022 139 4079 aso
154 4027 252 4073 causa
267 4029 392 4085 reeens,
409 4010 637 4095 mundamque
655 4012 739 4076 dolet
757 4011 796 4076 de
814 4011 933 4077 semine
950 4013 1061 4098 magni

154 4112 224 4167 8⁸³0
240 4093 327 4166 10118
344 4091 501 4168 Semelen·
547 4097 621 4168 dum
638 4097 780 4190 linguam
798 4097 839 4164 ad
855 4097 959 4191 iurgia
976 4100 1083 4186 solvit,
