2574 4478
165 364 230 431 272
495 377 529 432 P.
548 376 672 433 OVIDII
690 373 851 433 NASONIS

159 515 191 569 et
208 501 323 566 multos
341 500 508 577 meruisse,
527 500 649 584 aliquos
667 500 770 634 egisse
788 497 973 583 triumphos,

158 610 255 671 quam
272 598 395 651 tantum
413 587 560 672 genuisse
578 586 694 650 virum.
726 608 790 670 quo
807 583 953 669 praeside
969 606 1078 649 rerum

158 675 297 737 humano
315 672 437 758 generi,
456 671 576 757 superi,
593 672 716 736 favistis
735 671 872 735 abunde.

92 780 142 830 760
158 781 199 823 ne
217 759 299 822 foret
315 758 367 822 hic
384 757 482 842 igitur
498 758 624 821 mortali
641 758 761 822 semine
779 767 893 831 cretus,

158 845 211 908 ille
230 844 308 908 deus
325 843 491 908 faciendus
510 855 587 909 erat.
631 842 717 924 quod
734 854 770 906 ut
787 864 884 906 aurea
900 839 980 906 vidit

159 931 290 994 Aeneae
307 929 466 1014 genetrix,
483 928 565 991 vidit
581 948 708 1010 quoque
726 927 814 991 triste
831 926 937 1011 parari

159 1014 301 1100 pontifici
318 1015 417 1078 letum
435 1025 468 1079 et
484 1013 648 1078 coniurata
665 1036 753 1076 arma
770 1011 900 1088 moveri,

159 1101 272 1184 palluit
289 1111 321 1164 et
338 1099 474 1175 cunctis,
492 1111 528 1163 ut
545 1099 660 1181 cuique
679 1110 746 1163 erat
763 1098 871 1174 obvia,
889 1096 971 1161 divis

93 1207 141 1255 765
160 1185 302 1270 ‘aspice'
320 1185 445 1250 dicebat
463 1191 595 1267 ‘quanta
613 1184 689 1247 mihi
707 1184 790 1248 mole
806 1193 957 1267 parentur

158 1270 305 1345 insidiae,
324 1281 505 1353 quantaque
523 1281 619 1354 caput
637 1291 710 1332 cum
726 1269 838 1333 fraude
855 1278 991 1353 petatur,

160 1356 246 1439 quod
264 1357 303 1419 de
320 1355 485 1419 Dardanio
503 1356 606 1418 solum
623 1355 701 1418 mihi
717 1365 815 1418 restat
831 1354 913 1418 Iulo.

161 1442 268 1506 solane
286 1464 411 1526 semper
428 1463 482 1504 ero
500 1441 590 1504 iustis
609 1441 748 1504 exercita
765 1440 868 1503 curis?

47 1545 48 1549 ’
160 1549 256 1610 quam
273 1527 367 1590 modo
385 1526 529 1610 Tydidae
549 1523 727 1609 Calydonia
744 1526 887 1589 vulneret
904 1524 1005 1602 hasta,

93 1633 143 1681 775
160 1634 245 1676 nunc
262 1612 344 1675 male
363 1611 512 1675 defensae
530 1610 727 1675 confundant
742 1610 867 1675 moenia
884 1610 1018 1676 Troiae:

161 1719 244 1781 quae
262 1697 387 1761 videam
404 1707 514 1761 natum
531 1696 635 1781 longis
654 1696 811 1760 erroribus
829 1707 937 1759 actum

160 1783 334 1864 iactarique
352 1781 433 1846 freto
452 1782 606 1864 sedesque
623 1782 739 1845 intrare
757 1782 905 1845 silentum

161 1868 307 1950 bellaque
325 1890 397 1931 cum
415 1867 525 1930 Turno
542 1890 653 1952 gerere
671 1878 739 1942 aut,
758 1867 785 1930 si
802 1888 879 1931 vera
895 1866 1043 1945 fatemur,

162 1974 234 2016 cum
253 1954 375 2016 lunone
392 1953 513 2038 magis?
539 1953 616 2034 quid
632 1974 717 2015 nunc
735 1952 865 2034 antiqua
881 1953 1032 2017 recordor

95 2059 143 2107 775
162 2038 278 2102 damna
296 2038 357 2102 mei
374 2038 518 2123 generis?
544 2038 638 2101 timor
654 2037 706 2101 hic
723 2037 903 2102 meminisse
920 2037 1064 2122 priorum

160 2145 224 2187 non
242 2124 329 2187 sinit:
348 2146 387 2187 en
405 2123 476 2188 acui
494 2124 662 2189 sceleratos
681 2123 806 2187 cernitis
824 2123 929 2187 ensesl

161 2229 241 2292 quos
259 2209 436 2294 prohibete,
454 2230 575 2294 precor,
593 2208 780 2291 facinusque
797 2209 953 2293 repellite,
971 2231 1054 2274 neve

162 2294 258 2358 caede
276 2295 446 2359 sacerdotis
463 2295 605 2359 flammas
623 2293 797 2379 extinguite
814 2294 961 2360 Vestael’

204 2379 297 2443 Talia
313 2380 507 2463 nequiquam
525 2391 590 2444 toto
607 2380 719 2446 Venus
737 2380 831 2444 anxia
848 2381 935 2444 caelo

95 2485 145 2534 785
162 2465 259 2530 verba
276 2465 365 2541 iacit,
383 2487 577 2550 superosque
594 2476 710 2530 movet.
753 2465 808 2548 qui
825 2487 972 2550 rumpere
989 2487 1183 2550 quamquam

161 2550 265 2616 ferrea
281 2572 344 2615 non
361 2562 495 2635 possunt
511 2562 653 2616 veterum
671 2551 797 2616 decreta
816 2572 968 2627 sororum,

162 2636 254 2721 signa
271 2647 378 2701 tamen
394 2637 499 2700 luctus
517 2637 593 2700 dant
611 2636 697 2701 haud
713 2636 834 2701 incerta
850 2637 959 2701 futuri.

162 2745 250 2786 arma
266 2721 373 2786 ferunt
388 2721 471 2785 inter
487 2721 594 2807 nigras
612 2721 797 2807 crepitantia
814 2721 914 2786 nubes

162 2806 379 2890 terribilesque
396 2807 489 2871 tubas
507 2808 677 2890 auditaque
695 2830 813 2872 cornua
830 2808 918 2871 caelo

95 2912 144 2961 785
161 2893 397 2977 praemonuisse
413 2893 513 2957 nefas.
558 2893 632 2957 solis
650 2914 776 2976 quoque
792 2892 889 2956 tristis
906 2892 1013 2978 imago

160 2978 264 3042 lurida
281 2978 420 3041 sollicitis
438 2978 611 3063 praebebat
627 2979 747 3042 lumina
764 2978 864 3042 terris.

162 3085 256 3147 saepe
273 3062 360 3127 faces
377 3064 464 3128 visae
481 3064 592 3128 mediis
611 3064 721 3128 ardere
739 3064 799 3127 sub
816 3063 918 3140 astris,

161 3171 256 3232 saepe
273 3149 355 3212 inter
371 3148 496 3212 nimbos
559 3160 624 3213 ttae
642 3149 783 3214 cecidere
801 3159 959 3214 cruentae.

161 3234 306 3299 caerulus
324 3244 356 3299 et
372 3234 496 3298 vultum
527 3235 673 3319 errugiue
691 3233 822 3299 Lucifer
839 3246 907 3298 atra

95 3337 145 3388 790
162 3341 289 3404 sparsus
308 3329 389 3396 erat,
408 3319 509 3404 sparsi
526 3319 671 3384 Lunares
689 3319 842 3405 sanguine
860 3341 982 3386 currus.

161 3405 262 3470 tristia
279 3405 364 3469 mille
381 3405 459 3470 locis
478 3403 610 3490 Stygius
629 3405 716 3469 dedit
733 3405 839 3469 omina
855 3405 952 3481 bubo,

160 3490 246 3555 mille
262 3491 339 3556 locis
356 3490 533 3557 lacrimavit
549 3490 637 3566 ebur,
656 3501 829 3573 cantusque
846 3489 992 3555 feruntur

163 3576 261 3640 auditi
279 3576 395 3640 sanctis
413 3588 446 3641 et
461 3576 559 3640 verba
575 3576 729 3639 minantia
745 3575 836 3642 lucis.

162 3661 290 3726 victima
306 3662 394 3726 nulla
410 3662 493 3738 litat,
511 3683 708 3745 magnosque
723 3664 840 3725 instare
859 3662 1013 3725 tumultus

95 3766 144 3816 795
161 3746 241 3811 fibra
257 3758 378 3824 monet,
397 3768 587 3829 caesumque
605 3759 700 3831 caput
716 3748 870 3831 reperitur
886 3747 920 3810 in
938 3747 1029 3811 extis.

161 3831 257 3915 inque
274 3832 343 3897 foro
362 3834 543 3915 circumque
561 3832 670 3896 domos
688 3843 720 3896 57
736 3832 854 3917 templa
872 3832 1003 3896 deorum

161 3927 331 3982 nocturnos
349 3919 487 3983 ululasse
505 3939 598 3982 canes
616 3917 808 4001 umbrasque
825 3917 973 3981 silentum

162 4000 317 4069 erravisse
332 4003 453 4079 ferunt,
471 4013 653 4085 motamque
669 4003 856 4068 tremoribus
873 4002 995 4068 urbem.

26 4060 67 4213 ᾖ
123 4146 127 4153 .
161 4096 352 4153 nontamen
366 4087 496 4155 insidias
513 4100 709 4172 venturaque
726 4089 852 4154 vincere
868 4087 936 4153 fata

57 4172 77 4209 ³⁵
88 4190 142 4247 ’Ὃ
154 4172 378 4265 praemonitus
393 4183 526 4264 potuero
543 4173 652 4239 deumt
669 4174 830 4260 strictique
846 4173 993 4240 feruntur
