2574 4478
262 296 629 356 METAMORPHOSEON
646 299 719 353 LIB.
738 299 774 353 X.
794 298 888 355 3-90,
1025 282 1087 350 165

60 417 197 489 sustinet
214 421 329 497 oranti,
347 445 407 487 nec
424 423 480 506 qui
497 422 579 507 regit
596 422 674 499 ima,
692 444 824 507 negare:

59 508 310 593 Eurydicenque
327 519 452 572 vocant.
495 508 625 571 umbras
643 517 711 572 erat
727 508 782 571 illa
799 517 940 572 recentes

59 596 153 670 inter,
172 605 204 658 et
220 593 348 657 incessit
365 616 462 678 passu
481 593 520 658 de
537 594 668 658 vulnere
686 593 786 656 tardo.

60 681 145 745 hauc
163 678 257 743 simul
276 688 306 742 et
323 679 427 764 legem
445 678 650 763 Rhodopeius
668 677 781 762 accipit
797 677 901 756 heros,
1104 696 1138 747 50

60 789 102 830 ne
120 765 227 829 flectat
244 774 327 828 retro
345 787 404 828 sua
421 764 555 840 lumina,
575 765 675 827 donec
692 764 839 828 Avernas

61 850 175 915 exierit
192 849 304 913 valles:
324 860 378 912 aut
395 849 484 912 irrita
502 849 586 913 dona
603 849 720 912 futura.

61 936 203 1020 carpitur
220 934 348 999 acclivis
365 956 422 1018 per
438 945 528 998 muta
544 934 667 998 silentia
684 945 801 998 trames

62 1021 196 1097 arduus,
216 1019 383 1095 obscurus,
402 1019 536 1103 caligine
554 1019 670 1084 densus
689 1041 798 1104 opaca.

60 1128 124 1171 nec
141 1106 249 1190 procul
268 1105 416 1169 afuerunt
434 1106 553 1169 telluris
571 1104 713 1188 margine
731 1125 884 1170 summae.

60 1192 130 1267 hic,
149 1213 189 1256 ue
208 1191 370 1265 deficeret,
388 1201 532 1255 metuens
550 1190 725 1272 avidusque
743 1189 871 1254 videndi

60 1276 153 1342 flexit
171 1298 281 1340 amans
298 1276 421 1340 oculos:
440 1285 471 1339 et
488 1275 630 1360 protinus
648 1275 701 1338 illa
718 1275 843 1359 relapsa
861 1284 915 1339 est

60 1360 275 1444 bracchiaque
292 1361 457 1425 intendens
474 1361 650 1445 prendique
668 1372 700 1425 et
716 1361 870 1445 prendere
886 1370 1010 1426 certans

60 1448 109 1512 nil
126 1446 188 1510 nisi
206 1446 353 1511 cedentes
371 1445 481 1510 infelix
499 1445 608 1530 arripit
625 1468 727 1510 auras.

61 1533 193 1615 iamque
209 1532 324 1596 iterum
340 1531 478 1595 moriens
495 1554 559 1595 non
577 1543 625 1596 est
642 1532 681 1596 de
699 1531 834 1616 coniuge
851 1531 1023 1614 quicquam
1107 1552 1141 1601 60

60 1628 177 1700 questa
195 1639 267 1681 suo:
286 1617 363 1700 quid
381 1617 465 1680 euim
481 1617 543 1682 nisi
560 1639 594 1682 se
612 1630 797 1700 quereretur
813 1616 971 1681 amatam?

61 1723 312 1787 supremumque
329 1702 414 1778 vale,
433 1703 519 1785 quod
536 1703 600 1766 iam
617 1703 672 1766 vix
691 1702 820 1766 auribus
837 1702 890 1767 ille

61 1788 236 1872 acciperet,
255 1787 334 1850 dixit
350 1787 556 1870 revolutaque
573 1810 682 1852 rursus
701 1787 812 1852 eodem
831 1798 887 1851 est.

60 1895 128 1937 non
146 1873 237 1936 ahter
254 1872 374 1958 stupuit
391 1873 519 1956 gemina
535 1894 614 1938 nece
632 1873 775 1958 coniugis
794 1870 955 1958 Orpheus,

61 1981 161 2042 quam
178 1958 238 2022 tria
257 1959 312 2042 qui
329 1958 472 2033 timidus,
490 1958 594 2022 medio
612 1970 757 2043 portante
776 1968 912 2033 catenas,

62 2044 146 2108 colla
164 2043 251 2107 canis
270 2043 359 2107 vidit.
403 2064 498 2126 quem
515 2066 578 2109 uon
596 2055 785 2129 perorante
803 2043 939 2127 reliquit,

20 2208 24 2213 ,
60 2151 161 2214 quam
178 2141 293 2193 natura
309 2129 404 2214 prior,
423 2151 499 2192 saxo
517 2152 574 2214 per
592 2152 706 2215 corpus
724 2129 850 2193 oborto:

86 2214 184 2298 uique
201 2214 235 2279 in
253 2237 286 2279 se
305 2214 424 2279 crimen
441 2215 537 2278 traxit
553 2215 716 2298 voluitque
733 2215 833 2278 videri

98 2300 188 2364 lenos
207 2322 275 2365 esse
293 2321 424 2364 nocens:
443 2310 541 2383 tuque
558 2322 577 2364 o
596 2300 714 2364 confisa
731 2300 863 2384 figurae,

63 2384 177 2450 infelix
194 2383 354 2461 Lethaea,
371 2396 460 2462 tuae,
478 2385 674 2449 iunctissima
691 2385 851 2468 quondam

64 2481 209 2557 pectora,
226 2492 312 2535 nunc
329 2470 464 2554 lapides,
483 2492 563 2552 quos
580 2470 689 2533 umida
706 2471 839 2534 sustinet
856 2470 924 2536 Ide.

65 2567 209 2621 orantem
226 2555 406 2639 frustraque
423 2556 537 2620 iterum
556 2556 688 2620 transire
706 2556 865 2620 volentem

64 2641 199 2728 portitor
217 2651 370 2706 arcuerat.
414 2653 536 2726 septem
553 2651 660 2705 tamen
676 2641 730 2706 ille
748 2640 860 2705 diebus

65 2726 231 2812 squalidus
248 2727 282 2790 in
299 2727 368 2810 ripa
385 2723 512 2791 Cereris
530 2726 597 2791 siue
615 2749 745 2792 munere
763 2726 858 2791 sedit:

66 2834 142 2878 cura
161 2811 313 2960 dolorque
331 2811 428 2876 animi
445 2812 657 2896 lacrimaeque
675 2812 824 2877 alimenta
841 2812 939 2878 fuere.

66 2920 135 2963 esse
154 2898 230 2962 deos
279 2896 347 2961 rebi
365 2897 508 2962 crudeles
525 2910 670 2980 questus,
687 2898 721 2961 in
738 2897 834 2961 altam

66 3006 99 3048 se
117 2983 230 3068 recipit
247 2982 425 3067 Rhodopen
442 2985 633 3068 pulsumque
650 2982 851 3067 aquilonibus
869 2984 1041 3048 Haemum.

29 3106 34 3116 ·
65 3068 178 3133 tertius
195 3068 360 3150 aequoreis
377 3068 535 3134 inclusum
551 3067 700 3133 Piscibus
718 3091 836 3132 anuum

64 3154 191 3218 finierat
207 3153 317 3230 Titan,
335 3175 524 3240 omnemque
541 3154 703 3239 refugerat
721 3152 871 3238 Orpheus

63 3239 239 3306 femineam
256 3239 430 3316 Venerem,
448 3262 505 3304 seu
523 3239 609 3323 quod
627 3239 709 3305 male
727 3250 863 3305 cesserat
880 3240 936 3317 illi,

64 3326 133 3390 sive
151 3324 249 3389 fidem
267 3323 406 3389 dederat.
449 3325 564 3389 multas
582 3336 690 3391 tamen
707 3326 801 3391 ardor
817 3324 957 3392 habebat

63 3411 200 3497 iungere
218 3432 252 3474 se
269 3410 349 3474 vati:
366 3410 485 3475 multae
503 3411 632 3476 doluere
648 3412 804 3496 repulsae.

63 3497 118 3562 ille
136 3495 234 3561 ctiam
251 3495 413 3561 Thracum
429 3497 555 3582 populis
572 3497 634 3561 fuit
651 3507 771 3574 auctor,
789 3519 929 3562 amorem

63 3582 99 3646 iu
116 3591 244 3646 teneros
261 3581 430 3646 transferre
448 3604 565 3658 mares,
584 3583 724 3666 citraque
741 3583 904 3648 iuventam

65 3667 179 3732 aetatis
197 3666 294 3732 breve
311 3690 367 3732 ver
384 3678 416 3732 et
432 3668 551 3752 primos
570 3690 697 3754 carpere
714 3669 818 3733 fiores.

110 3749 211 3817 Collis
229 3763 309 3828 erat,
328 3752 503 3836 collemque
520 3776 615 3838 super
632 3754 815 3840 planissima
833 3754 937 3840 campi

65 3860 157 3915 area3
177 3859 274 3921 quam
291 3837 424 3904 viridem
442 3838 602 3903 faciebant
618 3840 770 3924 graminis
788 3839 915 3916 herbae,

64 3923 182 3987 umbra
199 3923 269 3987 loco
287 3924 405 3990 deerat.
450 3946 514 4007 qua
531 3934 699 4008 postquam
716 3936 806 4010 parte
824 3925 941 3990 resedit

66 4008 116 4073 dis
133 4008 261 4094 genitus
278 4019 366 4075 vates
384 4020 416 4076 et
432 4010 486 4074 fila
504 4010 647 4075 sonantia
663 4011 771 4086 movit,

65 4093 181 4164 umbra
198 4095 268 4166 loco
285 4095 382 4165 venit.
425 4117 490 4165 non
508 4093 649 4165 Chaonis
667 4096 748 4166 afuit
765 4096 868 4180 arbor,
