<?xml version="1.0" encoding="UTF-8"?>
<!DOCTYPE html PUBLIC "-//W3C//DTD XHTML 1.0 Transitional//EN"
    "http://www.w3.org/TR/xhtml1/DTD/xhtml1-transitional.dtd">
<html xmlns="http://www.w3.org/1999/xhtml" xml:lang="en" lang="en">
 <head>
  <title>
</title>
<meta http-equiv="Content-Type" content="text/html;charset=utf-8" />
  <meta name='ocr-system' content='tesseract 3.04.00' />
  <meta name='ocr-capabilities' content='ocr_page ocr_carea ocr_par ocr_line ocrx_word'/>
</head>
<body>
  <div class='ocr_page' id='page_1' title='image "./carmina03ovidgoog_0312.png"; bbox 0 0 2574 4478; ppageno 0'>
   <div class='ocr_carea' id='block_1_1' title="bbox 265 295 1124 371">
    <p class='ocr_par' dir='ltr' id='par_1_1' title="bbox 265 295 1124 371">
     <span class='ocr_line' id='line_1_1' title="bbox 265 295 1124 371; baseline -0.008 -2"><span class='ocrx_word' id='word_1_1' title='bbox 265 311 632 371; x_wconf 80' lang='lat' dir='ltr'>METAMORPHOSEON</span> <span class='ocrx_word' id='word_1_2' title='bbox 647 313 721 368; x_wconf 84' lang='lat' dir='ltr'><strong>LIB.</strong></span> <span class='ocrx_word' id='word_1_3' title='bbox 740 310 804 370; x_wconf 85' lang='lat' dir='ltr'>XV.</span> <span class='ocrx_word' id='word_1_4' title='bbox 822 311 965 368; x_wconf 78' lang='lat'>141-228.</span> <span class='ocrx_word' id='word_1_5' title='bbox 1059 295 1124 364; x_wconf 77' lang='lat'>259</span> 
     </span>
    </p>
   </div>
   <div class='ocr_carea' id='block_1_2' title="bbox 98 437 1191 2396">
    <p class='ocr_par' dir='ltr' id='par_1_2' title="bbox 100 437 1190 599">
     <span class='ocr_line' id='line_1_2' title="bbox 100 437 1190 523; baseline 0.002 -18"><span class='ocrx_word' id='word_1_6' title='bbox 100 438 217 523; x_wconf 87' lang='lat' dir='ltr'>fitque,</span> <span class='ocrx_word' id='word_1_7' title='bbox 236 437 322 522; x_wconf 94' lang='lat' dir='ltr'>quod</span> <span class='ocrx_word' id='word_1_8' title='bbox 340 438 426 502; x_wconf 89' lang='lat' dir='ltr'>haud</span> <span class='ocrx_word' id='word_1_9' title='bbox 443 438 560 514; x_wconf 89' lang='lat' dir='ltr'>fuerat,</span> <span class='ocrx_word' id='word_1_10' title='bbox 578 447 801 520; x_wconf 84' lang='lat' dir='ltr'>momentaque</span> <span class='ocrx_word' id='word_1_11' title='bbox 819 449 933 502; x_wconf 89' lang='lat' dir='ltr'>cuncta</span> <span class='ocrx_word' id='word_1_12' title='bbox 950 448 1117 503; x_wconf 86' lang='lat' dir='ltr'>novantur.</span> <span class='ocrx_word' id='word_1_13' title='bbox 1142 456 1190 506; x_wconf 82' lang='lat'>185</span> 
     </span>
     <span class='ocr_line' id='line_1_3' title="bbox 101 486 861 599; baseline -0.005 -9"><span class='ocrx_word' id='word_1_14' title='bbox 101 524 205 590; x_wconf 90' lang='lat' dir='ltr'>cernis</span> <span class='ocrx_word' id='word_1_15' title='bbox 223 535 255 590; x_wconf 90' lang='lat' dir='ltr'>et</span> <span class='ocrx_word' id='word_1_16' title='bbox 271 546 415 589; x_wconf 88' lang='lat' dir='ltr'>emensas</span> <span class='ocrx_word' id='word_1_17' title='bbox 426 524 458 587; x_wconf 96' lang='lat' dir='ltr'>in</span> <span class='ocrx_word' id='word_1_18' title='bbox 476 486 580 588; x_wconf 83' lang='lat' dir='ltr'>lucein</span> <span class='ocrx_word' id='word_1_19' title='bbox 597 523 726 588; x_wconf 87' lang='lat' dir='ltr'>tendere</span> <span class='ocrx_word' id='word_1_20' title='bbox 743 532 861 599; x_wconf 87' lang='lat' dir='ltr'>noctes,</span> 
     </span>
    </p>

    <p class='ocr_par' dir='ltr' id='par_1_3' title="bbox 98 607 1191 2396">
     <span class='ocr_line' id='line_1_4' title="bbox 101 607 897 694; baseline -0.001 -20.934"><span class='ocrx_word' id='word_1_21' title='bbox 101 609 245 675; x_wconf 87' lang='lat' dir='ltr'>etiubar</span> <span class='ocrx_word' id='word_1_22' title='bbox 261 607 322 673; x_wconf 90' lang='lat' dir='ltr'>hoc</span> <span class='ocrx_word' id='word_1_23' title='bbox 338 608 521 674; x_wconf 89' lang='lat' dir='ltr'>nitidum</span> <span class='ocrx_word' id='word_1_24' title='bbox 489 630 599 694; x_wconf 84' lang='lat' dir='ltr'>mgrae</span> <span class='ocrx_word' id='word_1_25' title='bbox 617 608 785 674; x_wconf 82' lang='lat' dir='ltr'>succedere</span> <span class='ocrx_word' id='word_1_26' title='bbox 803 607 897 672; x_wconf 91' lang='lat' dir='ltr'>nocti.</span> 
     </span>
     <span class='ocr_line' id='line_1_5' title="bbox 100 693 860 778; baseline -0.003 -18"><span class='ocrx_word' id='word_1_27' title='bbox 100 717 161 761; x_wconf 89' lang='lat' dir='ltr'>nee</span> <span class='ocrx_word' id='word_1_28' title='bbox 179 695 266 760; x_wconf 92' lang='lat' dir='ltr'>color</span> <span class='ocrx_word' id='word_1_29' title='bbox 282 705 331 759; x_wconf 88' lang='lat' dir='ltr'>est</span> <span class='ocrx_word' id='word_1_30' title='bbox 347 695 431 759; x_wconf 88' lang='lat' dir='ltr'>idem</span> <span class='ocrx_word' id='word_1_31' title='bbox 449 694 547 768; x_wconf 89' lang='lat' dir='ltr'>caelo,</span> <span class='ocrx_word' id='word_1_32' title='bbox 565 715 638 759; x_wconf 90' lang='lat' dir='ltr'>cum</span> <span class='ocrx_word' id='word_1_33' title='bbox 654 694 739 758; x_wconf 87' lang='lat' dir='ltr'>lassa</span> <span class='ocrx_word' id='word_1_34' title='bbox 755 693 860 778; x_wconf 90' lang='lat' dir='ltr'>quiete</span> 
     </span>
     <span class='ocr_line' id='line_1_6' title="bbox 101 778 948 863; baseline 0 -19"><span class='ocrx_word' id='word_1_35' title='bbox 101 792 218 844; x_wconf 90' lang='lat' dir='ltr'>cuncta</span> <span class='ocrx_word' id='word_1_36' title='bbox 233 780 339 844; x_wconf 89' lang='lat' dir='ltr'>iacent</span> <span class='ocrx_word' id='word_1_37' title='bbox 355 779 473 855; x_wconf 87' lang='lat' dir='ltr'>media,</span> <span class='ocrx_word' id='word_1_38' title='bbox 492 801 627 863; x_wconf 92' lang='lat' dir='ltr'>cumque</span> <span class='ocrx_word' id='word_1_39' title='bbox 645 780 718 843; x_wconf 89' lang='lat' dir='ltr'>albo</span> <span class='ocrx_word' id='word_1_40' title='bbox 736 778 867 843; x_wconf 84' lang='lat' dir='ltr'>Lucifer</span> <span class='ocrx_word' id='word_1_41' title='bbox 884 778 948 844; x_wconf 83' lang='lat' dir='ltr'>exit</span> 
     </span>
     <span class='ocr_line' id='line_1_7' title="bbox 102 864 1191 949; baseline 0 -20"><span class='ocrx_word' id='word_1_42' title='bbox 102 865 207 930; x_wconf 84' lang='lat' dir='ltr'>clarus</span> <span class='ocrx_word' id='word_1_43' title='bbox 225 885 322 947; x_wconf 85' lang='lat' dir='ltr'>equ03</span> <span class='ocrx_word' id='word_1_44' title='bbox 340 887 511 948; x_wconf 81' lang='lat' dir='ltr'>rursusque</span> <span class='ocrx_word' id='word_1_45' title='bbox 529 865 624 940; x_wconf 89' lang='lat' dir='ltr'>alius,</span> <span class='ocrx_word' id='word_1_46' title='bbox 643 886 715 929; x_wconf 90' lang='lat' dir='ltr'>curn</span> <span class='ocrx_word' id='word_1_47' title='bbox 732 864 861 949; x_wconf 89' lang='lat' dir='ltr'>praevia</span> <span class='ocrx_word' id='word_1_48' title='bbox 878 865 957 929; x_wconf 87' lang='lat' dir='ltr'>lucis</span> <span class='ocrx_word' id='word_1_49' title='bbox 1142 886 1191 936; x_wconf 79' lang='lat'>190</span> 
     </span>
     <span class='ocr_line' id='line_1_8' title="bbox 100 948 882 1014; baseline 0 -1"><span class='ocrx_word' id='word_1_50' title='bbox 100 949 292 1014; x_wconf 87' lang='lat' dir='ltr'>tradendum</span> <span class='ocrx_word' id='word_1_51' title='bbox 308 948 442 1014; x_wconf 91' lang='lat' dir='ltr'>Phoebo</span> <span class='ocrx_word' id='word_1_52' title='bbox 458 950 631 1014; x_wconf 82' lang='lat' dir='ltr'>Pallantias</span> <span class='ocrx_word' id='word_1_53' title='bbox 648 950 747 1014; x_wconf 88' lang='lat' dir='ltr'>inficit</span> <span class='ocrx_word' id='word_1_54' title='bbox 764 948 882 1014; x_wconf 91' lang='lat' dir='ltr'>orbem</span> 
     </span>
     <span class='ocr_line' id='line_1_9' title="bbox 100 1034 795 1120; baseline 0.001 -22"><span class='ocrx_word' id='word_1_55' title='bbox 100 1035 170 1120; x_wconf 90' lang='lat' dir='ltr'>ipse</span> <span class='ocrx_word' id='word_1_56' title='bbox 188 1034 240 1099; x_wconf 90' lang='lat' dir='ltr'>dei</span> <span class='ocrx_word' id='word_1_57' title='bbox 258 1035 407 1120; x_wconf 89' lang='lat' dir='ltr'>clipeust</span> <span class='ocrx_word' id='word_1_58' title='bbox 408 1058 478 1100; x_wconf 90' lang='lat' dir='ltr'>erra</span> <span class='ocrx_word' id='word_1_59' title='bbox 495 1046 599 1099; x_wconf 92' lang='lat' dir='ltr'>cumt</span> <span class='ocrx_word' id='word_1_60' title='bbox 586 1035 731 1099; x_wconf 90' lang='lat' dir='ltr'>tollitur</span> <span class='ocrx_word' id='word_1_61' title='bbox 722 1058 795 1111; x_wconf 86' lang='lat' dir='ltr'>una,</span> 
     </span>
     <span class='ocr_line' id='line_1_10' title="bbox 102 1083 972 1203; baseline -0.001 -18"><span class='ocrx_word' id='word_1_62' title='bbox 102 1143 195 1185; x_wconf 91' lang='lat' dir='ltr'>mane</span> <span class='ocrx_word' id='word_1_63' title='bbox 213 1120 351 1195; x_wconf 89' lang='lat' dir='ltr'>rubet‚t</span> <span class='ocrx_word' id='word_1_64' title='bbox 351 1141 499 1203; x_wconf 77' lang='lat' dir='ltr'>erratque,</span> <span class='ocrx_word' id='word_1_65' title='bbox 518 1121 624 1196; x_wconf 88' lang='lat' dir='ltr'>rubet,</span> <span class='ocrx_word' id='word_1_66' title='bbox 598 1129 715 1184; x_wconf 90' lang='lat' dir='ltr'>tcum</span> <span class='ocrx_word' id='word_1_67' title='bbox 733 1083 839 1184; x_wconf 81' lang='lat' dir='ltr'>coridit</span> <span class='ocrx_word' id='word_1_68' title='bbox 827 1131 878 1184; x_wconf 90' lang='lat' dir='ltr'>tur</span> <span class='ocrx_word' id='word_1_69' title='bbox 894 1121 972 1185; x_wconf 88' lang='lat' dir='ltr'>ima:</span> 
     </span>
     <span class='ocr_line' id='line_1_11' title="bbox 102 1169 969 1288; baseline 0 -18"><span class='ocrx_word' id='word_1_70' title='bbox 102 1204 282 1270; x_wconf 88' lang='lat' dir='ltr'>candidus</span> <span class='ocrx_word' id='word_1_71' title='bbox 274 1229 307 1268; x_wconf 87' lang='lat' dir='ltr'>ru</span> <span class='ocrx_word' id='word_1_72' title='bbox 324 1227 448 1269; x_wconf 91' lang='lat' dir='ltr'>summo</span> <span class='ocrx_word' id='word_1_73' title='bbox 467 1217 527 1281; x_wconf 88' lang='lat' dir='ltr'>est,</span> <span class='ocrx_word' id='word_1_74' title='bbox 502 1169 727 1270; x_wconf 87' lang='lat' dir='ltr'>tmeliort</span> <span class='ocrx_word' id='word_1_75' title='bbox 672 1216 727 1269; x_wconf 89' lang='lat' dir='ltr'>nat</span> <span class='ocrx_word' id='word_1_76' title='bbox 728 1229 786 1269; x_wconf 89' lang='lat' dir='ltr'>ura</span> <span class='ocrx_word' id='word_1_77' title='bbox 803 1206 889 1288; x_wconf 93' lang='lat' dir='ltr'>quod</span> <span class='ocrx_word' id='word_1_78' title='bbox 906 1205 969 1270; x_wconf 87' lang='lat' dir='ltr'>illic</span> 
     </span>
     <span class='ocr_line' id='line_1_12' title="bbox 101 1289 888 1376; baseline -0.001 -21"><span class='ocrx_word' id='word_1_79' title='bbox 101 1289 237 1356; x_wconf 88' lang='lat' dir='ltr'>aetheris</span> <span class='ocrx_word' id='word_1_80' title='bbox 256 1302 302 1355; x_wconf 91' lang='lat' dir='ltr'>est</span> <span class='ocrx_word' id='word_1_81' title='bbox 321 1301 486 1373; x_wconf 86' lang='lat' dir='ltr'>terraeque</span> <span class='ocrx_word' id='word_1_82' title='bbox 503 1291 614 1376; x_wconf 91' lang='lat' dir='ltr'>procul</span> <span class='ocrx_word' id='word_1_83' title='bbox 631 1291 778 1376; x_wconf 87' lang='lat' dir='ltr'>contagia</span> <span class='ocrx_word' id='word_1_84' title='bbox 795 1291 888 1375; x_wconf 84' lang='lat' dir='ltr'>fugit.</span> 
     </span>
     <span class='ocr_line' id='line_1_13' title="bbox 100 1375 889 1461; baseline -0.003 -21"><span class='ocrx_word' id='word_1_85' title='bbox 100 1398 160 1440; x_wconf 91' lang='lat' dir='ltr'>nec</span> <span class='ocrx_word' id='word_1_86' title='bbox 176 1398 237 1461; x_wconf 90' lang='lat' dir='ltr'>par</span> <span class='ocrx_word' id='word_1_87' title='bbox 254 1386 309 1439; x_wconf 88' lang='lat' dir='ltr'>aut</span> <span class='ocrx_word' id='word_1_88' title='bbox 296 1375 438 1440; x_wconf 87' lang='lat' dir='ltr'>teadem</span> <span class='ocrx_word' id='word_1_89' title='bbox 455 1389 627 1441; x_wconf 91' lang='lat' dir='ltr'>nocturnae</span> <span class='ocrx_word' id='word_1_90' title='bbox 644 1375 747 1440; x_wconf 83' lang='lat' dir='ltr'>forma</span> <span class='ocrx_word' id='word_1_91' title='bbox 764 1375 889 1439; x_wconf 90' lang='lat' dir='ltr'>Dianae</span> 
     </span>
     <span class='ocr_line' id='line_1_14' title="bbox 101 1460 1048 1560; baseline -0.001 -34"><span class='ocrx_word' id='word_1_92' title='bbox 101 1484 170 1526; x_wconf 90' lang='lat' dir='ltr'>esse</span> <span class='ocrx_word' id='word_1_93' title='bbox 188 1472 293 1560; x_wconf 92' lang='lat' dir='ltr'>potest</span> <span class='ocrx_word' id='word_1_94' title='bbox 310 1483 471 1544; x_wconf 91' lang='lat' dir='ltr'>umquam.</span> <span class='ocrx_word' id='word_1_95' title='bbox 515 1482 701 1546; x_wconf 89' lang='lat' dir='ltr'>semperque</span> <span class='ocrx_word' id='word_1_96' title='bbox 719 1460 870 1524; x_wconf 88' lang='lat' dir='ltr'>hodierna</span> <span class='ocrx_word' id='word_1_97' title='bbox 887 1471 1048 1544; x_wconf 88' lang='lat' dir='ltr'>sequente,</span> 
     </span>
     <span class='ocr_line' id='line_1_15' title="bbox 101 1545 951 1646; baseline -0.001 -36"><span class='ocrx_word' id='word_1_98' title='bbox 101 1546 126 1610; x_wconf 88' lang='lat' dir='ltr'>si</span> <span class='ocrx_word' id='word_1_99' title='bbox 145 1546 271 1621; x_wconf 90' lang='lat' dir='ltr'>crescit,</span> <span class='ocrx_word' id='word_1_100' title='bbox 289 1547 392 1646; x_wconf 81' lang='lat' dir='ltr'>minor</span> <span class='ocrx_word' id='word_1_101' title='bbox 408 1557 470 1622; x_wconf 89' lang='lat' dir='ltr'>est,</span> <span class='ocrx_word' id='word_1_102' title='bbox 488 1547 597 1622; x_wconf 89' lang='lat' dir='ltr'>maior,</span> <span class='ocrx_word' id='word_1_103' title='bbox 616 1547 642 1609; x_wconf 90' lang='lat' dir='ltr'>si</span> <span class='ocrx_word' id='word_1_104' title='bbox 660 1557 734 1610; x_wconf 90' lang='lat' dir='ltr'>cont</span> <span class='ocrx_word' id='word_1_105' title='bbox 721 1545 815 1610; x_wconf 90' lang='lat' dir='ltr'>trahit</span> <span class='ocrx_word' id='word_1_106' title='bbox 834 1547 951 1611; x_wconf 90' lang='lat' dir='ltr'>orbem.</span> 
     </span>
     <span class='ocr_line' id='line_1_16' title="bbox 101 1594 955 1731; baseline 0.001 -37"><span class='ocrx_word' id='word_1_107' title='bbox 101 1631 198 1730; x_wconf 86' lang='lat' dir='ltr'>quid?</span> <span class='ocrx_word' id='word_1_108' title='bbox 214 1653 278 1694; x_wconf 92' lang='lat' dir='ltr'>non</span> <span class='ocrx_word' id='word_1_109' title='bbox 295 1631 327 1694; x_wconf 94' lang='lat' dir='ltr'>in</span> <span class='ocrx_word' id='word_1_110' title='bbox 335 1631 466 1731; x_wconf 38' lang='lat' dir='ltr'>&#39;species</span> <span class='ocrx_word' id='word_1_111' title='bbox 484 1594 653 1696; x_wconf 84' lang='lat' dir='ltr'>succedere</span> <span class='ocrx_word' id='word_1_112' title='bbox 670 1642 747 1714; x_wconf 90' lang='lat' dir='ltr'>quat</span> <span class='ocrx_word' id='word_1_113' title='bbox 749 1641 820 1694; x_wconf 89' lang='lat' dir='ltr'>tuor</span> <span class='ocrx_word' id='word_1_114' title='bbox 837 1654 955 1695; x_wconf 90' lang='lat' dir='ltr'>annum</span> 
     </span>
     <span class='ocr_line' id='line_1_17' title="bbox 100 1715 934 1817; baseline 0.002 -38"><span class='ocrx_word' id='word_1_115' title='bbox 100 1715 230 1801; x_wconf 83' lang='lat' dir='ltr'>aspicis,</span> <span class='ocrx_word' id='word_1_116' title='bbox 249 1716 360 1781; x_wconf 87' lang='lat' dir='ltr'>aetatis</span> <span class='ocrx_word' id='word_1_117' title='bbox 377 1728 582 1817; x_wconf 79' lang='lat' dir='ltr'>peragentem</span> <span class='ocrx_word' id='word_1_118' title='bbox 598 1716 773 1780; x_wconf 90' lang='lat' dir='ltr'>imitamina</span> <span class='ocrx_word' id='word_1_119' title='bbox 790 1718 934 1781; x_wconf 87' lang='lat' dir='ltr'>nostrae?</span> 
     </span>
     <span class='ocr_line' id='line_1_18' title="bbox 99 1801 935 1886; baseline 0.001 -21"><span class='ocrx_word' id='word_1_120' title='bbox 99 1824 176 1866; x_wconf 90' lang='lat' dir='ltr'>nam</span> <span class='ocrx_word' id='word_1_121' title='bbox 194 1813 282 1866; x_wconf 88' lang='lat' dir='ltr'>tener</span> <span class='ocrx_word' id='word_1_122' title='bbox 299 1823 336 1865; x_wconf 90' lang='lat' dir='ltr'>ac</span> <span class='ocrx_word' id='word_1_123' title='bbox 353 1801 473 1866; x_wconf 89' lang='lat' dir='ltr'>lactens</span> <span class='ocrx_word' id='word_1_124' title='bbox 490 1803 644 1886; x_wconf 91' lang='lat' dir='ltr'>puerique</span> <span class='ocrx_word' id='word_1_125' title='bbox 662 1802 838 1865; x_wconf 92' lang='lat' dir='ltr'>simillimus</span> <span class='ocrx_word' id='word_1_126' title='bbox 857 1825 935 1867; x_wconf 91' lang='lat' dir='ltr'>aevo</span> 
     </span>
     <span class='ocr_line' id='line_1_19' title="bbox 99 1887 1005 1973; baseline 0.003 -23"><span class='ocrx_word' id='word_1_127' title='bbox 99 1909 174 1952; x_wconf 88' lang='lat' dir='ltr'>vere</span> <span class='ocrx_word' id='word_1_128' title='bbox 192 1907 274 1950; x_wconf 90' lang='lat' dir='ltr'>novo</span> <span class='ocrx_word' id='word_1_129' title='bbox 292 1898 353 1951; x_wconf 89' lang='lat' dir='ltr'>est:</span> <span class='ocrx_word' id='word_1_130' title='bbox 327 1898 448 1951; x_wconf 89' lang='lat' dir='ltr'>ttune</span> <span class='ocrx_word' id='word_1_131' title='bbox 465 1887 563 1951; x_wconf 89' lang='lat' dir='ltr'>herba</span> <span class='ocrx_word' id='word_1_132' title='bbox 580 1909 690 1951; x_wconf 89' lang='lat' dir='ltr'>recens</span> <span class='ocrx_word' id='word_1_133' title='bbox 708 1897 739 1951; x_wconf 88' lang='lat' dir='ltr'>et</span> <span class='ocrx_word' id='word_1_134' title='bbox 726 1888 876 1951; x_wconf 88' lang='lat' dir='ltr'>troboris</span> <span class='ocrx_word' id='word_1_135' title='bbox 894 1911 1005 1973; x_wconf 87' lang='lat' dir='ltr'>expers</span> 
     </span>
     <span class='ocr_line' id='line_1_20' title="bbox 99 1971 919 2072; baseline 0.003 -37.033"><span class='ocrx_word' id='word_1_136' title='bbox 99 1982 207 2072; x_wconf 87' lang='lat' dir='ltr'>turget</span> <span class='ocrx_word' id='word_1_137' title='bbox 223 1983 255 2036; x_wconf 92' lang='lat' dir='ltr'>et</span> <span class='ocrx_word' id='word_1_138' title='bbox 271 1971 471 2036; x_wconf 86' lang='lat' dir='ltr'>insolidat</span> <span class='ocrx_word' id='word_1_139' title='bbox 422 1983 471 2036; x_wconf 90' lang='lat' dir='ltr'>est</span> <span class='ocrx_word' id='word_1_140' title='bbox 488 1983 519 2036; x_wconf 91' lang='lat' dir='ltr'>et</span> <span class='ocrx_word' id='word_1_141' title='bbox 537 1994 592 2056; x_wconf 88' lang='lat' dir='ltr'>spe</span> <span class='ocrx_word' id='word_1_142' title='bbox 610 1971 712 2036; x_wconf 90' lang='lat' dir='ltr'>delect</span> <span class='ocrx_word' id='word_1_143' title='bbox 700 1983 746 2036; x_wconf 89' lang='lat' dir='ltr'>tat</span> <span class='ocrx_word' id='word_1_144' title='bbox 763 1984 869 2058; x_wconf 87' lang='lat' dir='ltr'>agrest</span> <span class='ocrx_word' id='word_1_145' title='bbox 870 1995 919 2050; x_wconf 85' lang='lat' dir='ltr'>es3</span> 
     </span>
     <span class='ocr_line' id='line_1_21' title="bbox 99 2026 931 2140; baseline 0.002 -19"><span class='ocrx_word' id='word_1_146' title='bbox 99 2057 207 2121; x_wconf 90' lang='lat' dir='ltr'>omnia</span> <span class='ocrx_word' id='word_1_147' title='bbox 224 2068 300 2120; x_wconf 92' lang='lat' dir='ltr'>tunc</span> <span class='ocrx_word' id='word_1_148' title='bbox 316 2058 442 2133; x_wconf 88' lang='lat' dir='ltr'>florent,</span> <span class='ocrx_word' id='word_1_149' title='bbox 460 2058 637 2140; x_wconf 86' lang='lat' dir='ltr'>florumque</span> <span class='ocrx_word' id='word_1_150' title='bbox 655 2026 812 2121; x_wconf 92' lang='lat' dir='ltr'>coloribus</span> <span class='ocrx_word' id='word_1_151' title='bbox 830 2059 931 2123; x_wconf 89' lang='lat' dir='ltr'>almus</span> 
     </span>
     <span class='ocr_line' id='line_1_22' title="bbox 98 2142 1032 2242; baseline 0.003 -36"><span class='ocrx_word' id='word_1_152' title='bbox 98 2143 180 2206; x_wconf 89' lang='lat' dir='ltr'>ludit</span> <span class='ocrx_word' id='word_1_153' title='bbox 168 2152 284 2242; x_wconf 75' lang='lat' dir='ltr'>tager,</span> <span class='ocrx_word' id='word_1_154' title='bbox 302 2163 406 2224; x_wconf 90' lang='lat' dir='ltr'>neque</span> <span class='ocrx_word' id='word_1_155' title='bbox 424 2142 574 2206; x_wconf 90' lang='lat' dir='ltr'>adhuc</span> <span class='ocrx_word' id='word_1_156' title='bbox 544 2154 605 2206; x_wconf 91' lang='lat' dir='ltr'>v1rt</span> <span class='ocrx_word' id='word_1_157' title='bbox 606 2166 643 2206; x_wconf 90' lang='lat' dir='ltr'>us</span> <span class='ocrx_word' id='word_1_158' title='bbox 661 2143 693 2205; x_wconf 93' lang='lat' dir='ltr'>in</span> <span class='ocrx_word' id='word_1_159' title='bbox 711 2143 876 2207; x_wconf 82' lang='lat' dir='ltr'>frondibus</span> <span class='ocrx_word' id='word_1_160' title='bbox 893 2145 958 2207; x_wconf 90' lang='lat' dir='ltr'>ulla</span> <span class='ocrx_word' id='word_1_161' title='bbox 975 2155 1032 2209; x_wconf 90' lang='lat' dir='ltr'>est.</span> 
     </span>
     <span class='ocr_line' id='line_1_23' title="bbox 99 2226 897 2312; baseline 0.003 -22"><span class='ocrx_word' id='word_1_162' title='bbox 99 2226 212 2290; x_wconf 87' lang='lat' dir='ltr'>transit</span> <span class='ocrx_word' id='word_1_163' title='bbox 228 2227 261 2290; x_wconf 92' lang='grc' dir='ltr'>ιιι</span> <span class='ocrx_word' id='word_1_164' title='bbox 278 2249 332 2291; x_wconf 91' lang='lat' dir='ltr'>aes</span> <span class='ocrx_word' id='word_1_165' title='bbox 334 2237 432 2291; x_wconf 88' lang='lat' dir='ltr'>tatem</span> <span class='ocrx_word' id='word_1_166' title='bbox 449 2239 521 2312; x_wconf 91' lang='lat' dir='ltr'>post</span> <span class='ocrx_word' id='word_1_167' title='bbox 538 2251 595 2293; x_wconf 89' lang='lat' dir='ltr'>ver</span> <span class='ocrx_word' id='word_1_168' title='bbox 611 2228 769 2292; x_wconf 89' lang='lat' dir='ltr'>robustior</span> <span class='ocrx_word' id='word_1_169' title='bbox 786 2251 897 2304; x_wconf 91' lang='lat' dir='ltr'>annus,</span> 
     </span>
     <span class='ocr_line' id='line_1_24' title="bbox 98 2312 981 2396; baseline 0.005 -21"><span class='ocrx_word' id='word_1_170' title='bbox 98 2312 198 2394; x_wconf 89' lang='lat' dir='ltr'>fitque</span> <span class='ocrx_word' id='word_1_171' title='bbox 215 2312 351 2376; x_wconf 87' lang='lat' dir='ltr'>valens&#39;</span> <span class='ocrx_word' id='word_1_172' title='bbox 342 2313 479 2377; x_wconf 88' lang='lat' dir='ltr'>ruvenis.</span> <span class='ocrx_word' id='word_1_173' title='bbox 497 2335 600 2396; x_wconf 91' lang='lat' dir='ltr'>neque</span> <span class='ocrx_word' id='word_1_174' title='bbox 618 2314 702 2376; x_wconf 89' lang='lat' dir='ltr'>enim</span> <span class='ocrx_word' id='word_1_175' title='bbox 720 2313 878 2377; x_wconf 85' lang='lat' dir='ltr'>robustior</span> <span class='ocrx_word' id='word_1_176' title='bbox 895 2327 981 2378; x_wconf 89' lang='lat' dir='ltr'>aetas</span> 
     </span>
    </p>
   </div>
   <div class='ocr_carea' id='block_1_3' title="bbox 96 2396 1008 3058">
    <p class='ocr_par' dir='ltr' id='par_1_4' title="bbox 98 2396 993 2583">
     <span class='ocr_line' id='line_1_25' title="bbox 98 2396 993 2498; baseline 0.005 -38"><span class='ocrx_word' id='word_1_177' title='bbox 98 2398 164 2461; x_wconf 89' lang='lat' dir='ltr'>ulla</span> <span class='ocrx_word' id='word_1_178' title='bbox 182 2419 241 2461; x_wconf 91' lang='lat' dir='ltr'>nec</span> <span class='ocrx_word' id='word_1_179' title='bbox 258 2396 386 2461; x_wconf 91' lang='lat' dir='ltr'>uberior</span> <span class='ocrx_word' id='word_1_180' title='bbox 402 2420 476 2474; x_wconf 91' lang='lat' dir='ltr'>nec,</span> <span class='ocrx_word' id='word_1_181' title='bbox 494 2420 576 2481; x_wconf 90' lang='lat' dir='ltr'>quae</span> <span class='ocrx_word' id='word_1_182' title='bbox 593 2399 695 2498; x_wconf 85' lang='lat' dir='ltr'>magis</span> <span class='ocrx_word' id='word_1_183' title='bbox 714 2399 835 2475; x_wconf 86' lang='lat' dir='ltr'>ardeat</span> <span class='ocrx_word' id='word_1_184' title='bbox 855 2400 919 2463; x_wconf 90' lang='lat' dir='ltr'>ulla</span> <span class='ocrx_word' id='word_1_185' title='bbox 937 2411 993 2464; x_wconf 86' lang='lat' dir='ltr'>est.</span> 
     </span>
     <span class='ocr_line' id='line_1_26' title="bbox 98 2480 830 2631; baseline 0.001 -84"><span class='ocrx_word' id='word_1_186' title='bbox 98 2480 217 2565; x_wconf 87' lang='lat' dir='ltr'>excipit</span> <span class='ocrx_word' id='word_1_187' title='bbox 233 2493 404 2546; x_wconf 88' lang='lat' dir='ltr'>autumnus</span> <span class='ocrx_word' id='word_1_188' title='bbox 422 2483 531 2631; x_wconf 86' lang='lat' dir='ltr'>posit</span> <span class='ocrx_word' id='word_1_189' title='bbox 506 2506 524 2547; x_wconf 99' lang='lat' dir='ltr'>o</span> <span class='ocrx_word' id='word_1_190' title='bbox 493 2484 691 2548; x_wconf 88' lang='lat' dir='ltr'>tfervore</span> <span class='ocrx_word' id='word_1_191' title='bbox 682 2493 830 2548; x_wconf 79' lang='lat' dir='ltr'>luventas</span> 
     </span>
    </p>

    <p class='ocr_par' dir='ltr' id='par_1_5' title="bbox 96 2567 1008 3058">
     <span class='ocr_line' id='line_1_27' title="bbox 98 2567 930 2653; baseline 0.005 -23.278"><span class='ocrx_word' id='word_1_192' title='bbox 98 2577 242 2632; x_wconf 90' lang='lat' dir='ltr'>maturus</span> <span class='ocrx_word' id='word_1_193' title='bbox 259 2567 407 2650; x_wconf 89' lang='lat' dir='ltr'>mitisque</span> <span class='ocrx_word' id='word_1_194' title='bbox 423 2592 455 2631; x_wconf 93' lang='grc' dir='ltr'>ιιι</span> <span class='ocrx_word' id='word_1_195' title='bbox 458 2579 505 2633; x_wconf 87' lang='lat' dir='ltr'>ter</span> <span class='ocrx_word' id='word_1_196' title='bbox 521 2569 731 2652; x_wconf 87' lang='lat' dir='ltr'>iuvenemque</span> <span class='ocrx_word' id='word_1_197' title='bbox 750 2589 930 2653; x_wconf 90' lang='lat' dir='ltr'>senemque,</span> 
     </span>
     <span class='ocr_line' id='line_1_28' title="bbox 97 2651 968 2753; baseline 0.003 -37"><span class='ocrx_word' id='word_1_198' title='bbox 97 2651 256 2753; x_wconf 89' lang='lat' dir='ltr'>temperie</span> <span class='ocrx_word' id='word_1_199' title='bbox 266 2653 404 2729; x_wconf 89' lang='lat' dir='ltr'>medius,</span> <span class='ocrx_word' id='word_1_200' title='bbox 422 2677 550 2737; x_wconf 89' lang='lat' dir='ltr'>sparsus</span> <span class='ocrx_word' id='word_1_201' title='bbox 568 2674 695 2737; x_wconf 91' lang='lat' dir='ltr'>quoque</span> <span class='ocrx_word' id='word_1_202' title='bbox 713 2665 855 2739; x_wconf 87' lang='lat' dir='ltr'>tempora</span> <span class='ocrx_word' id='word_1_203' title='bbox 872 2655 968 2719; x_wconf 88' lang='lat' dir='ltr'>canis</span> 
     </span>
     <span class='ocr_line' id='line_1_29' title="bbox 97 2736 938 2824; baseline 0.004 -23"><span class='ocrx_word' id='word_1_204' title='bbox 97 2738 173 2802; x_wconf 92' lang='lat' dir='ltr'>inde</span> <span class='ocrx_word' id='word_1_205' title='bbox 191 2736 296 2802; x_wconf 90' lang='lat' dir='ltr'>senilis</span> <span class='ocrx_word' id='word_1_206' title='bbox 314 2737 415 2802; x_wconf 90' lang='lat' dir='ltr'>hiems</span> <span class='ocrx_word' id='word_1_207' title='bbox 433 2739 567 2803; x_wconf 88' lang='lat' dir='ltr'>tremulo</span> <span class='ocrx_word' id='word_1_208' title='bbox 584 2740 671 2804; x_wconf 90' lang='lat' dir='ltr'>venit</span> <span class='ocrx_word' id='word_1_209' title='bbox 688 2738 816 2804; x_wconf 90' lang='lat' dir='ltr'>horrida</span> <span class='ocrx_word' id='word_1_210' title='bbox 832 2763 938 2824; x_wconf 87' lang='lat' dir='ltr'>passu,</span> 
     </span>
     <span class='ocr_line' id='line_1_30' title="bbox 98 2822 971 2925; baseline 0.006 -40"><span class='ocrx_word' id='word_1_211' title='bbox 98 2834 154 2886; x_wconf 86' lang='lat' dir='ltr'>aut</span> <span class='ocrx_word' id='word_1_212' title='bbox 172 2822 285 2906; x_wconf 89' lang='lat' dir='ltr'>spoliat</span> <span class='ocrx_word' id='word_1_213' title='bbox 287 2845 305 2886; x_wconf 91' lang='lat' dir='ltr'>a</span> <span class='ocrx_word' id='word_1_214' title='bbox 323 2844 411 2898; x_wconf 93' lang='lat' dir='ltr'>suos,</span> <span class='ocrx_word' id='word_1_215' title='bbox 429 2834 498 2899; x_wconf 90' lang='lat' dir='ltr'>aut,</span> <span class='ocrx_word' id='word_1_216' title='bbox 517 2845 596 2907; x_wconf 90' lang='lat' dir='ltr'>quos</span> <span class='ocrx_word' id='word_1_217' title='bbox 614 2824 723 2900; x_wconf 86' lang='lat' dir='ltr'>habet,</span> <span class='ocrx_word' id='word_1_218' title='bbox 742 2825 815 2889; x_wconf 85' lang='lat' dir='ltr'>alba</span> <span class='ocrx_word' id='word_1_219' title='bbox 833 2826 971 2925; x_wconf 87' lang='lat' dir='ltr'>capillos.</span> 
     </span>
     <span class='ocr_line' id='line_1_31' title="bbox 96 2908 1008 3058; baseline 0.005 -87"><span class='ocrx_word' id='word_1_220' title='bbox 96 2918 171 2971; x_wconf 89' lang='lat' dir='ltr'>nost</span> <span class='ocrx_word' id='word_1_221' title='bbox 171 2930 207 2971; x_wconf 92' lang='lat' dir='ltr'>ra</span> <span class='ocrx_word' id='word_1_222' title='bbox 224 2928 351 2991; x_wconf 93' lang='lat' dir='ltr'>quoque</span> <span class='ocrx_word' id='word_1_223' title='bbox 369 2908 509 2993; x_wconf 89' lang='lat' dir='ltr'>ipsorum</span> <span class='ocrx_word' id='word_1_224' title='bbox 527 2931 669 3058; x_wconf 79' lang='lat' dir='ltr'>semper</span> <span class='ocrx_word' id='word_1_225' title='bbox 667 2909 840 2993; x_wconf 91' lang='lat' dir='ltr'>requieque</span> <span class='ocrx_word' id='word_1_226' title='bbox 858 2911 924 2974; x_wconf 91' lang='lat' dir='ltr'>sine</span> <span class='ocrx_word' id='word_1_227' title='bbox 942 2912 1008 2976; x_wconf 86' lang='lat' dir='ltr'>ulla</span> 
     </span>
    </p>
   </div>
   <div class='ocr_carea' id='block_1_4' title="bbox 94 2994 1009 4186">
    <p class='ocr_par' dir='ltr' id='par_1_6' title="bbox 96 2994 974 3313">
     <span class='ocr_line' id='line_1_32' title="bbox 98 2994 960 3076; baseline 0.002 -19"><span class='ocrx_word' id='word_1_228' title='bbox 98 3014 232 3076; x_wconf 91' lang='lat' dir='ltr'>corpora</span> <span class='ocrx_word' id='word_1_229' title='bbox 248 3003 374 3056; x_wconf 88' lang='lat' dir='ltr'>vertunt</span> <span class='ocrx_word' id='word_1_230' title='bbox 375 3016 427 3057; x_wconf 87' lang='lat' dir='ltr'>ur:</span> <span class='ocrx_word' id='word_1_231' title='bbox 445 3016 504 3058; x_wconf 87' lang='lat' dir='ltr'>nec</span> <span class='ocrx_word' id='word_1_232' title='bbox 522 3015 585 3075; x_wconf 94' lang='lat' dir='ltr'>quo</span> <span class='ocrx_word' id='word_1_233' title='bbox 624 2994 783 3059; x_wconf 83' lang='lat' dir='ltr'>fuimusve</span> <span class='ocrx_word' id='word_1_234' title='bbox 802 3018 960 3072; x_wconf 89' lang='lat' dir='ltr'>sumusve‚</span> 
     </span>
     <span class='ocr_line' id='line_1_33' title="bbox 97 3077 947 3178; baseline 0.002 -36"><span class='ocrx_word' id='word_1_235' title='bbox 97 3100 168 3142; x_wconf 91' lang='lat' dir='ltr'>cras</span> <span class='ocrx_word' id='word_1_236' title='bbox 187 3077 313 3141; x_wconf 89' lang='lat' dir='ltr'>erimus.</span> <span class='ocrx_word' id='word_1_237' title='bbox 356 3077 418 3141; x_wconf 89' lang='lat' dir='ltr'>fuit</span> <span class='ocrx_word' id='word_1_238' title='bbox 433 3078 488 3178; x_wconf 81' lang='lat' dir='ltr'>illa</span> <span class='ocrx_word' id='word_1_239' title='bbox 506 3079 588 3154; x_wconf 90' lang='lat' dir='ltr'>dies,</span> <span class='ocrx_word' id='word_1_240' title='bbox 605 3100 668 3161; x_wconf 93' lang='lat' dir='ltr'>qua</span> <span class='ocrx_word' id='word_1_241' title='bbox 686 3080 806 3144; x_wconf 90' lang='lat' dir='ltr'>semina</span> <span class='ocrx_word' id='word_1_242' title='bbox 824 3091 947 3145; x_wconf 87' lang='lat' dir='ltr'>tanturn</span> 
     </span>
     <span class='ocr_line' id='line_1_34' title="bbox 96 3161 984 3247; baseline 0.006 -21"><span class='ocrx_word' id='word_1_243' title='bbox 96 3183 234 3247; x_wconf 87' lang='lat' dir='ltr'>spesque</span> <span class='ocrx_word' id='word_1_244' title='bbox 252 3161 414 3225; x_wconf 89' lang='lat' dir='ltr'>hominum</span> <span class='ocrx_word' id='word_1_245' title='bbox 430 3163 551 3247; x_wconf 91' lang='lat' dir='ltr'>primae</span> <span class='ocrx_word' id='word_1_246' title='bbox 569 3164 675 3229; x_wconf 89' lang='lat' dir='ltr'>matris</span> <span class='ocrx_word' id='word_1_247' title='bbox 693 3165 885 3230; x_wconf 87' lang='lat' dir='ltr'>latitavimus</span> <span class='ocrx_word' id='word_1_248' title='bbox 903 3167 984 3231; x_wconf 77' lang='lat' dir='ltr'>alvo·</span> 
     </span>
     <span class='ocr_line' id='line_1_35' title="bbox 97 3247 810 3334; baseline 0.004 -24"><span class='ocrx_word' id='word_1_249' title='bbox 97 3247 236 3311; x_wconf 86' lang='lat' dir='ltr'>artifices</span> <span class='ocrx_word' id='word_1_250' title='bbox 253 3258 366 3311; x_wconf 87' lang='lat' dir='ltr'>natura</span> <span class='ocrx_word' id='word_1_251' title='bbox 384 3270 497 3312; x_wconf 89' lang='lat' dir='ltr'>manus</span> <span class='ocrx_word' id='word_1_252' title='bbox 515 3249 669 3325; x_wconf 85' lang='lat' dir='ltr'>admovit,</span> <span class='ocrx_word' id='word_1_253' title='bbox 687 3261 719 3313; x_wconf 93' lang='lat' dir='ltr'>et</span> <span class='ocrx_word' id='word_1_254' title='bbox 736 3249 810 3334; x_wconf 86' lang='lat' dir='ltr'>angi</span> 
     </span>
    </p>

    <p class='ocr_par' dir='ltr' id='par_1_7' title="bbox 95 3297 869 3569">
     <span class='ocr_line' id='line_1_36' title="bbox 97 3297 869 3434; baseline 0.004 -38"><span class='ocrx_word' id='word_1_255' title='bbox 97 3353 231 3416; x_wconf 88' lang='lat' dir='ltr'>corpora</span> <span class='ocrx_word' id='word_1_256' title='bbox 248 3331 421 3397; x_wconf 86' lang='lat' dir='ltr'>visceribus</span> <span class='ocrx_word' id='word_1_257' title='bbox 444 3333 598 3398; x_wconf 86' lang='lat' dir='ltr'>distentae</span> <span class='ocrx_word' id='word_1_258' title='bbox 617 3297 723 3434; x_wconf 80' lang='lat' dir='ltr'>coridit</span> <span class='ocrx_word' id='word_1_259' title='bbox 710 3344 743 3398; x_wconf 88' lang='lat' dir='ltr'>ta</span> <span class='ocrx_word' id='word_1_260' title='bbox 760 3303 869 3399; x_wconf 87' lang='lat' dir='ltr'>matris</span> 
     </span>
     <span class='ocr_line' id='line_1_37' title="bbox 95 3417 837 3498; baseline 0.005 -18"><span class='ocrx_word' id='word_1_261' title='bbox 95 3417 198 3480; x_wconf 93' lang='lat' dir='ltr'>noluit</span> <span class='ocrx_word' id='word_1_262' title='bbox 186 3427 296 3498; x_wconf 92' lang='lat' dir='ltr'>teque</span> <span class='ocrx_word' id='word_1_263' title='bbox 315 3417 409 3481; x_wconf 91' lang='lat' dir='ltr'>domo</span> <span class='ocrx_word' id='word_1_264' title='bbox 427 3439 545 3482; x_wconf 88' lang='lat' dir='ltr'>vacuas</span> <span class='ocrx_word' id='word_1_265' title='bbox 564 3419 666 3483; x_wconf 88' lang='lat' dir='ltr'>emisit</span> <span class='ocrx_word' id='word_1_266' title='bbox 683 3420 716 3482; x_wconf 93' lang='lat' dir='ltr'>in</span> <span class='ocrx_word' id='word_1_267' title='bbox 734 3443 837 3484; x_wconf 90' lang='lat' dir='ltr'>auras</span> 
     </span>
     <span class='ocr_line' id='line_1_38' title="bbox 95 3501 848 3569; baseline 0.003 -3"><span class='ocrx_word' id='word_1_268' title='bbox 95 3501 228 3566; x_wconf 89' lang='lat' dir='ltr'>editus</span> <span class='ocrx_word' id='word_1_269' title='bbox 219 3523 253 3563; x_wconf 89' lang='grc' dir='ltr'>ιιι</span> <span class='ocrx_word' id='word_1_270' title='bbox 269 3501 401 3566; x_wconf 91' lang='lat' dir='ltr'>lucem</span> <span class='ocrx_word' id='word_1_271' title='bbox 392 3503 489 3567; x_wconf 86' lang='lat' dir='ltr'>racuit</span> <span class='ocrx_word' id='word_1_272' title='bbox 507 3503 573 3566; x_wconf 91' lang='lat' dir='ltr'>sine</span> <span class='ocrx_word' id='word_1_273' title='bbox 592 3503 712 3569; x_wconf 88' lang='lat' dir='ltr'>viribus</span> <span class='ocrx_word' id='word_1_274' title='bbox 729 3504 848 3569; x_wconf 87' lang='lat' dir='ltr'>infans.</span> 
     </span>
    </p>

    <p class='ocr_par' dir='ltr' id='par_1_8' title="bbox 94 3586 1009 3840">
     <span class='ocr_line' id='line_1_39' title="bbox 94 3586 1009 3685; baseline 0.006 -35"><span class='ocrx_word' id='word_1_275' title='bbox 94 3609 172 3650; x_wconf 89' lang='lat' dir='ltr'>mox</span> <span class='ocrx_word' id='word_1_276' title='bbox 191 3586 372 3685; x_wconf 87' lang='lat' dir='ltr'>quadrupes</span> <span class='ocrx_word' id='word_1_277' title='bbox 390 3587 517 3671; x_wconf 92' lang='lat' dir='ltr'>rituque</span> <span class='ocrx_word' id='word_1_278' title='bbox 535 3588 604 3652; x_wconf 89' lang='lat' dir='ltr'>tulit</span> <span class='ocrx_word' id='word_1_279' title='bbox 622 3611 679 3652; x_wconf 90' lang='lat' dir='ltr'>sua</span> <span class='ocrx_word' id='word_1_280' title='bbox 696 3591 839 3654; x_wconf 89' lang='lat' dir='ltr'>membra</span> <span class='ocrx_word' id='word_1_281' title='bbox 853 3590 1009 3663; x_wconf 83' lang='lat' dir='ltr'>ferarum:</span> 
     </span>
     <span class='ocr_line' id='line_1_40' title="bbox 94 3671 920 3772; baseline 0.006 -37"><span class='ocrx_word' id='word_1_282' title='bbox 94 3671 344 3772; x_wconf 89' lang='lat' dir='ltr'>paulatimquet</span> <span class='ocrx_word' id='word_1_283' title='bbox 346 3694 468 3736; x_wconf 91' lang='lat' dir='ltr'>remens</span> <span class='ocrx_word' id='word_1_284' title='bbox 487 3683 518 3737; x_wconf 92' lang='lat' dir='ltr'>et</span> <span class='ocrx_word' id='word_1_285' title='bbox 535 3674 676 3737; x_wconf 92' lang='lat' dir='ltr'>nondum</span> <span class='ocrx_word' id='word_1_286' title='bbox 694 3675 812 3758; x_wconf 89' lang='lat' dir='ltr'>poplite</span> <span class='ocrx_word' id='word_1_287' title='bbox 829 3675 920 3740; x_wconf 87' lang='lat' dir='ltr'>firmo</span> 
     </span>
     <span class='ocr_line' id='line_1_41' title="bbox 95 3756 823 3840; baseline 0.006 -20"><span class='ocrx_word' id='word_1_288' title='bbox 95 3756 249 3831; x_wconf 90' lang='lat' dir='ltr'>constitit,</span> <span class='ocrx_word' id='word_1_289' title='bbox 268 3756 383 3820; x_wconf 87' lang='lat' dir='ltr'>adiutis</span> <span class='ocrx_word' id='word_1_290' title='bbox 401 3757 507 3840; x_wconf 89' lang='lat' dir='ltr'>aliquo</span> <span class='ocrx_word' id='word_1_291' title='bbox 526 3758 690 3824; x_wconf 90' lang='lat' dir='ltr'>conamine</span> <span class='ocrx_word' id='word_1_292' title='bbox 708 3760 823 3825; x_wconf 87' lang='lat' dir='ltr'>nervis.</span> 
     </span>
    </p>

    <p class='ocr_par' dir='ltr' id='par_1_9' title="bbox 94 3803 961 4186">
     <span class='ocr_line' id='line_1_42' title="bbox 95 3803 946 3942; baseline 0.007 -38"><span class='ocrx_word' id='word_1_293' title='bbox 95 3841 179 3906; x_wconf 90' lang='lat' dir='ltr'>inde</span> <span class='ocrx_word' id='word_1_294' title='bbox 188 3803 297 3905; x_wconf 75' lang='grc' dir='ltr'>ιιιθιιι</span> <span class='ocrx_word' id='word_1_295' title='bbox 315 3841 549 3942; x_wconf 85' lang='lat' dir='ltr'>veloxquet</span> <span class='ocrx_word' id='word_1_296' title='bbox 489 3843 549 3906; x_wconf 88' lang='lat' dir='ltr'>fuit</span> <span class='ocrx_word' id='word_1_297' title='bbox 554 3844 781 3928; x_wconf 89' lang='lat' dir='ltr'>,spatiumque</span> <span class='ocrx_word' id='word_1_298' title='bbox 798 3846 946 3910; x_wconf 90' lang='lat' dir='ltr'>iuventae</span> 
     </span>
     <span class='ocr_line' id='line_1_43' title="bbox 94 3913 961 4016; baseline 0.008 -26"><span class='ocrx_word' id='word_1_299' title='bbox 94 3913 222 4000; x_wconf 87' lang='lat' dir='ltr'>transit,</span> <span class='ocrx_word' id='word_1_300' title='bbox 241 3937 273 3989; x_wconf 90' lang='lat' dir='ltr'>et</span> <span class='ocrx_word' id='word_1_301' title='bbox 291 3926 428 3990; x_wconf 90' lang='lat' dir='ltr'>emeritis</span> <span class='ocrx_word' id='word_1_302' title='bbox 444 3928 542 3992; x_wconf 92' lang='lat' dir='ltr'>medii</span> <span class='ocrx_word' id='word_1_303' title='bbox 558 3949 685 4013; x_wconf 91' lang='lat' dir='ltr'>quoque</span> <span class='ocrx_word' id='word_1_304' title='bbox 704 3930 854 4016; x_wconf 88' lang='lat' dir='ltr'>temporis</span> <span class='ocrx_word' id='word_1_305' title='bbox 872 3930 961 3997; x_wconf 88' lang='lat' dir='ltr'>annis</span> 
     </span>
     <span class='ocr_line' id='line_1_44' title="bbox 95 4010 840 4111; baseline 0.007 -35"><span class='ocrx_word' id='word_1_306' title='bbox 95 4010 173 4076; x_wconf 89' lang='lat' dir='ltr'>labit</span> <span class='ocrx_word' id='word_1_307' title='bbox 161 4024 213 4076; x_wconf 91' lang='lat' dir='ltr'>tur</span> <span class='ocrx_word' id='word_1_308' title='bbox 230 4010 379 4076; x_wconf 87' lang='lat' dir='ltr'>occiduae</span> <span class='ocrx_word' id='word_1_309' title='bbox 395 4034 454 4111; x_wconf 90' lang='lat' dir='ltr'>per</span> <span class='ocrx_word' id='word_1_310' title='bbox 470 4013 530 4077; x_wconf 93' lang='lat' dir='ltr'>iter</span> <span class='ocrx_word' id='word_1_311' title='bbox 547 4013 667 4078; x_wconf 89' lang='lat' dir='ltr'>declive</span> <span class='ocrx_word' id='word_1_312' title='bbox 686 4029 840 4082; x_wconf 89' lang='lat' dir='ltr'>senectae.</span> 
     </span>
     <span class='ocr_line' id='line_1_45' title="bbox 95 4095 780 4186; baseline 0.003 -22"><span class='ocrx_word' id='word_1_313' title='bbox 95 4097 220 4164; x_wconf 85' lang='lat' dir='ltr'>subruit</span> <span class='ocrx_word' id='word_1_314' title='bbox 237 4095 316 4164; x_wconf 85' lang='lat' dir='ltr'>haec</span> <span class='ocrx_word' id='word_1_315' title='bbox 333 4118 405 4163; x_wconf 83' lang='lat' dir='ltr'>aevr</span> <span class='ocrx_word' id='word_1_316' title='bbox 395 4097 651 4186; x_wconf 89' lang='lat' dir='ltr'>demoliturque</span> <span class='ocrx_word' id='word_1_317' title='bbox 667 4100 780 4186; x_wconf 90' lang='lat' dir='ltr'>prioris</span> 
     </span>
    </p>
   </div>
   <div class='ocr_carea' id='block_1_5' title="bbox 893 4203 944 4260">
    <p class='ocr_par' dir='ltr' id='par_1_10' title="bbox 893 4203 944 4260">
     <span class='ocr_line' id='line_1_46' title="bbox 893 4203 944 4260; baseline 0.02 -1"><span class='ocrx_word' id='word_1_318' title='bbox 893 4203 944 4260; x_wconf 74' lang='lat'>17·</span> 
     </span>
    </p>
   </div>
   <div class='ocr_carea' id='block_1_6' title="bbox 0 0 1292 4478">
    <p class='ocr_par' dir='ltr' id='par_1_11' title="bbox 0 0 1292 4478">
     <span class='ocr_line' id='line_1_47' title="bbox 0 0 1292 4478; baseline 0 1"><span class='ocrx_word' id='word_1_319' title='bbox 0 0 1292 4478; x_wconf 95' lang='lat' dir='ltr'> </span> 
     </span>
    </p>
   </div>
  </div>
 </body>
</html>
