2574 4478
192 281 254 347 170
521 293 554 348 Ρ.
573 293 696 351 OVIDII
712 291 874 350 NASONIS

191 418 321 482 collocat
339 415 420 481 hanc
438 417 541 481 stratis
560 416 680 481 concha
698 415 849 481 Sidonide
867 414 972 479 tinctis

191 504 389 588 appellatque
406 502 467 566 tori
484 503 615 579 sociam,
633 503 848 586 acclinataque
866 501 947 566 colla

190 589 337 652 mollibus
354 588 387 651 in
403 587 533 672 plumis,
551 599 713 671 tamquam
729 609 875 663 sensura,
893 582 1028 671 reponit.

124 691 174 741 270
191 673 273 738 festa
289 673 355 738 dies
373 673 506 740 Veneris
523 683 590 738 tota
607 672 808 738 celeberrima
826 669 935 756 Cypro

191 770 334 835 venerat,
352 769 384 823 et
400 759 512 844 pandis
530 758 678 823 inductae
696 757 843 823 cornibus
861 779 974 821 aurum

69 926 71 930 .
192 844 392 910 conciderant
407 844 489 909 ictae
507 843 600 909 nivea
618 843 739 909 cervice
755 843 919 919 iuvencae,

191 940 323 1013 turaque
340 929 519 994 fumabant:
538 950 611 994 cum
627 951 757 994 munere
774 927 902 993 functus
919 928 962 992 ad
979 949 1050 992 aras

192 1014 329 1079 constitit
346 1025 378 1079 et
394 1015 502 1080 timide
520 1015 573 1079 “si
591 1014 623 1079 di
640 1015 716 1080 dare
733 1024 847 1080 cuncta
862 1013 1004 1098 potestis,

125 1116 173 1165 275
193 1101 233 1164 sit
250 1100 401 1175 coniunx,
419 1099 524 1184 opto,’'
542 1099 619 1182 (non
637 1122 733 1165 ausus
751 1099 915 1164 “eburnea
931 1096 1046 1184 virgo’'

191 1185 310 1270 dicere)
326 1185 517 1270 Pygmalion
534 1185 668 1250 “similis
684 1185 779 1250 mea'’
798 1185 877 1248 dixit
894 1182 1088 1249 “eburnas''

191 1271 302 1346 sensit,
319 1280 356 1334 ut
372 1271 442 1354 ipsa
458 1271 523 1335 suis
541 1271 649 1336 aderat
666 1271 777 1336 Venus
795 1292 891 1334 aurea
908 1269 1009 1346 festis,

191 1366 265 1420 vota
282 1356 359 1439 quid
374 1356 429 1419 illa
446 1355 552 1420 velint.
596 1366 642 1432 et,
660 1355 754 1420 amici
770 1354 907 1420 numinis
925 1376 1029 1431 omen,

190 1441 318 1506 flamma
335 1452 382 1505 ter
399 1462 532 1506 accensa
549 1451 597 1506 est
612 1440 798 1526 apicemque
814 1462 872 1525 per
888 1445 962 1505 aera
979 1437 1082 1505 duxit.

51 1591 52 1594 ,
125 1543 175 1592 280
191 1538 227 1590 ut
244 1527 349 1602 rediit,
368 1526 535 1591 simulacra
552 1549 627 1591 suae
644 1527 723 1611 petit
739 1526 792 1591 ille
808 1526 932 1611 puellae

191 1611 438 1694 incumbensque
455 1623 523 1675 toro
540 1611 628 1676 dedit
644 1611 762 1677 oscula.
805 1611 874 1677 visa
890 1621 998 1696 tepere
1015 1620 1074 1676 est.
1147 1660 1149 1665 -

192 1697 339 1761 admovet
355 1718 391 1760 os
407 1697 535 1772 iterum
553 1696 698 1761 manibus
716 1716 843 1779 quoque
859 1707 989 1781 pectora
1005 1703 1151 1782 temptat:

192 1792 377 1866 temptatum
394 1781 548 1846 mollescit
565 1783 652 1858 ebur,
668 1782 834 1871 positoque
850 1782 955 1868 rigore

193 1866 326 1931 subsidit
344 1866 449 1952 digitis
467 1867 626 1950 ceditque,
643 1878 680 1931 ut
697 1867 862 1951 Hymettia
880 1867 945 1932 sole

126 1968 174 2018 285
193 1974 264 2016 cera
280 1952 468 2017 remollescit
485 1963 680 2036 tractataque
696 1952 810 2038 pollice
826 1953 942 2018 multas

191 2036 325 2102 flectitur
340 2038 374 2100 iu
391 2037 488 2102 facies
504 2038 637 2122 ipsoque
653 2038 689 2102 fit
705 2037 791 2102 utilis
806 2060 878 2103 usu.

193 2123 269 2186 dum
285 2132 390 2208 stupet
406 2133 436 2188 et
454 2123 550 2188 dubie
567 2123 685 2209 gaudet
701 2122 832 2207 fallique
849 2133 986 2202 veretur,

191 2231 300 2272 rursus
318 2231 425 2273 amans
443 2230 614 2292 rursusque
631 2231 727 2273 manu
745 2231 803 2273 sua
818 2220 894 2275 vota
909 2218 1075 2277 retractat:

193 2315 305 2378 corpus
323 2304 404 2368 erat,
422 2293 538 2358 saliunt
554 2305 726 2379 temptatae
743 2294 856 2378 pollice
873 2317 984 2360 venae.

125 2397 175 2447 290
193 2389 260 2442 tum
277 2400 351 2442 vero
368 2378 512 2463 Paphius
529 2378 709 2464 plenissima
727 2381 863 2466 concipit
879 2380 973 2445 heros

192 2464 304 2541 verba,
322 2464 437 2546 quibus
454 2464 573 2530 Veneri
589 2475 695 2550 grates
712 2476 800 2551 agat,
819 2486 937 2548 oraque
954 2466 1083 2532 tandem

192 2572 246 2614 ore
264 2571 321 2613 suo
339 2571 402 2613 non
419 2549 499 2613 falsa
515 2550 638 2634 premit
682 2549 818 2633 dataque
835 2551 943 2615 oscula
961 2551 1053 2637 virgo

193 2634 302 2711 sensit,
321 2645 352 2698 et
369 2635 509 2710 erubuit,
527 2634 734 2718 timidumque
752 2635 793 2699 ad
809 2635 929 2700 lumina
946 2637 1056 2703 lumen

192 2720 336 2784 attollens
353 2720 470 2805 pariter
487 2743 559 2785 cum
576 2721 663 2785 caelo
680 2721 759 2784 vidit
776 2732 944 2786 amantem.

125 2824 175 2873 tes
194 2805 353 2889 coningio,
371 2806 456 2889 quod
474 2805 563 2880 fecit,
581 2806 670 2870 adest
687 2805 756 2870 dea.
798 2807 925 2890 iamque
943 2807 1061 2873 coactis

193 2889 339 2953 cornibus
356 2889 390 2953 in
406 2892 534 2976 plenum
551 2891 682 2955 noviens
699 2891 861 2956 lunaribus
879 2892 989 2957 orbem

192 2974 246 3038 illa
261 2974 397 3060 Paphon
414 2976 538 3061 genuit,
556 2976 596 3041 de
613 2996 675 3060 qua
694 2987 779 3042 tenet
795 2977 899 3042 insula
915 2999 1043 3043 nomen.

235 3059 350 3123 Editus
367 3061 428 3125 hac
444 3060 497 3126 ille
515 3072 576 3138 est,
595 3061 664 3145 qui,
683 3061 711 3125 si
728 3063 795 3127 sinc
812 3063 900 3147 prole
916 3063 1041 3140 fuisset,
1092 3079 1196 3150 mata

191 3145 273 3210 inter
289 3145 397 3211 felices
415 3144 550 3230 Cinyras
568 3147 722 3296 lpptuisset
738 3147 857 3212 haberi.

125 3249 175 3300 ³00
193 3230 261 3294 dira
278 3252 399 3295 canam.
442 3232 552 3316 procul
603 3253 643 3295 nc
659 3242 767 3309 natae,
785 3234 895 3317 procul
913 3243 980 3298 este
997 3233 1154 3319 parentes!

192 3327 261 3391 aut,
279 3338 350 3380 mea
367 3317 394 3381 si
409 3328 530 3381 vestras
547 3317 730 3381 mulcebunt
747 3319 886 3382 carmina
902 3330 1036 3397 mentes,

192 3401 273 3465 desit
289 3401 323 3464 in
339 3400 400 3466 hac
416 3402 493 3465 mihi
509 3413 598 3487 parte
615 3401 708 3480 fides,
725 3425 785 3467 nec
803 3403 920 3469 credite
938 3404 1074 3471 factum:

191 3487 257 3562 vel,
275 3486 301 3550 si
319 3487 464 3562 credetis,
482 3487 559 3552 facti
576 3507 703 3570 quoque
720 3487 836 3552 credite
854 3511 1000 3574 poenam.

192 3572 219 3635 si
236 3585 341 3636 tamen
359 3572 530 3636 admissum
548 3573 621 3637 sinit
637 3572 698 3636 hoc
715 3573 837 3638 Natura
853 3574 964 3652 videri,

125 3675 174 3725 805
192 3657 339 3741 gentibus
357 3657 496 3722 Ismariis
515 3668 545 3723 et
562 3667 668 3722 nostro
725 3659 827 3722 atrrlcr
844 3659 923 3736 orbi,

191 3742 332 3827 gratulor
348 3742 422 3806 huic
439 3753 554 3817 terrae,
572 3743 657 3826 quod
675 3765 693 3807 a
717 3756 764 3808 est
780 3743 962 3828 regionibus
979 3744 1052 3824 illis,

182 3846 274 3908 ,quae
290 3838 413 3892 tantum
430 3850 567 3913 genuere
584 3828 684 3892 nefas.
727 3829 767 3893 sit
785 3829 872 3894 dives
890 3851 1027 3909 amomo,

192 3910 399 3995 cinnamaque
418 3924 601 3996 costumque
619 3935 713 3977 suum
730 3913 906 3997 sudataque
921 3916 1011 4002 ligno

192 4006 264 4060 tura
280 3996 361 4061 ferat
377 3999 533 4082 floresque
551 3998 627 4062 alios
645 3997 807 4064 Panchaia
824 4001 928 4077 tellus,

125 4100 176 4153 aro
193 4080 268 4146 dum
285 4081 366 4149 ferat
383 4093 415 4150 et
431 4106 579 4149 murram.
622 4083 701 4148 tanti
717 4105 801 4150 nova
817 4106 882 4151 non
899 4085 961 4152 fuit
978 4086 1080 4163 arbor.
1194 4104 1197 4177 j
