2574 4478
164 306 533 365 METAMORPHOSEON
550 308 623 363 LIB.
641 307 692 362 IX.
711 306 855 363 tro-79⁷.
873 306 910 362 X.
930 306 954 361 1.
966 306 992 362 2.
1028 292 1089 359 163

67 455 151 518 quae
169 431 248 496 mihi
265 433 331 498 sola
348 441 451 498 nocet.
494 432 582 496 venit
599 453 672 497 ecce
690 431 827 517 optabile
845 441 980 516 tempus,

64 521 188 603 luxque
205 518 320 603 iugalis
337 519 439 595 adest,
458 529 489 583 et
505 518 569 582 iam
587 541 658 582 mea
675 518 729 582 fiet
746 515 873 582 Ianthe:
1108 533 1158 585 700

65 627 128 670 neo
144 604 224 668 mihi
241 604 416 690 continget:
435 604 546 669 mediis
564 603 706 668 sitiemus
723 603 757 667 in
773 602 877 667 undis.

65 690 215 776 pronuba
232 689 309 772 quid
325 690 418 766 Iuno,
436 690 512 773 quid
530 689 680 765 adhaec,
698 690 899 773 Hymenaee,
917 687 1030 753 venitis

66 798 174 851 sacra,
192 776 308 859 quibus
326 774 381 858 qui
398 775 494 839 ducat
511 775 614 851 abest,
632 774 688 839 ubi
704 775 854 838 nubimus
872 774 1016 838 ambael'

65 862 184 947 pressit
201 861 242 924 ab
260 861 309 925 his
325 881 447 925 vocem.
491 883 550 926 nec
566 860 668 925 lenius
686 860 784 924 altera
801 860 891 944 virgo

66 958 207 1023 aestuat,
224 958 323 1029 utque
342 946 424 1010 celer
442 946 564 1022 venias,
583 947 783 1030 Hymenaee,
801 955 958 1029 precatur.
1108 961 1157 1014 705

65 1033 155 1116 quod
172 1032 253 1117 petit
269 1031 361 1108 haec,
379 1031 553 1096 Telethusa
570 1031 684 1096 timens
702 1031 796 1094 modo
814 1041 955 1115 tempora
973 1029 1089 1106 differt,

64 1140 154 1182 nunc
170 1117 244 1182 ficto
261 1118 414 1202 languore
431 1139 552 1180 moram
569 1116 679 1192 trahit,
696 1115 803 1180 omina
820 1138 915 1200 saepe

64 1204 201 1286 visaque
219 1214 375 1266 causatur.
419 1203 475 1266 sed
491 1202 556 1266 iam
574 1211 812 1285 consumpserat
828 1222 954 1266 omnem

65 1288 232 1353 materiam
251 1289 330 1364 ficti,
349 1288 510 1370 dilataque
527 1299 671 1372 tempora
688 1287 799 1352 taedae

65 1375 261 1451 institerant,
279 1395 426 1457 unusque
444 1373 511 1437 dies
528 1373 677 1438 restabat.
721 1384 754 1437 at
770 1372 824 1437 illa
1110 1389 1160 1438 770

65 1459 220 1523 crinalem
239 1458 351 1543 capitis
369 1459 481 1524 vittam
499 1469 656 1543 nataeque
675 1458 799 1542 sibique

65 1544 205 1609 detrahit
223 1556 254 1608 et
270 1545 373 1628 passis
391 1566 479 1608 aram
496 1544 661 1630 complexa
679 1543 799 1628 capillis

65 1630 141 1706 ‘Isi,
159 1629 385 1694 Paraetonium
403 1629 642 1713 Mareoticaque
660 1652 736 1693 arva
752 1628 945 1711 Pharonque

18 1759 21 1764 -
65 1738 151 1798 quae
169 1715 245 1779 colis
264 1726 295 1780 et
313 1726 433 1799 septem
452 1715 611 1800 digestum
628 1715 661 1778 in
680 1736 798 1779 cornua
814 1714 932 1791 Nilum,

64 1804 126 1877 fer,
144 1801 276 1885 precor,’
294 1800 397 1884 inquit
414 1806 522 1886 ‘opem
538 1812 710 1884 nostroque
728 1803 855 1866 medere
872 1799 989 1864 timoril
1109 1818 1158 1868 775

66 1897 114 1964 te,
134 1886 209 1963 dea,
226 1897 258 1951 te
275 1885 436 1970 quondam
453 1899 572 1971 tuaque
589 1886 668 1951 haec
684 1886 822 1971 iusignia
838 1885 903 1950 vidi

66 1985 246 2055 cunctaque
265 1973 414 2057 cognovi,
433 1972 570 2036 sonitum
587 1972 831 2055 comitantiaque
848 1994 922 2036 aera

67 2058 247 2135 sistrorum,
265 2058 459 2141 memorique
477 2057 582 2122 animo
599 2068 655 2122 tua
671 2058 757 2122 iussa
774 2057 891 2121 notavi.

67 2143 155 2227 quod
174 2142 260 2207 videt
278 2143 357 2207 haec
374 2143 491 2221 lucem,
510 2143 596 2227 quod
613 2165 677 2208 non
695 2165 756 2228 ego
772 2142 897 2228 punior,
915 2165 989 2208 eece

67 2227 234 2293 consilium
252 2249 432 2312 munusque
449 2241 540 2292 tuum
557 2240 613 2294 est.
656 2228 804 2293 miserere
822 2228 966 2305 duarum,
1109 2247 1159 2296 700

68 2314 251 2396 auxilioque
267 2313 362 2377 iuva!
406 2313 555 2379 lacrimae
572 2323 646 2378 sunt
663 2314 760 2378 verba
779 2325 915 2378 secutae.

67 2400 136 2465 visa
154 2400 215 2465 dea
233 2410 280 2464 est
296 2399 433 2464 movisse
451 2422 525 2464 suas
542 2435 586 2446 -
603 2410 635 2464 et
651 2411 853 2464 moverat-
870 2421 950 2475 aras,

67 2498 99 2550 et
115 2484 227 2570 templi
244 2497 400 2550 tremuere
418 2485 516 2563 fores,
534 2485 718 2568 imitataque
735 2485 843 2548 lunam

67 2593 187 2636 cornua
203 2569 373 2646 fulserunt,
393 2591 444 2636 cre
467 2572 576 2654 uitque
594 2570 736 2635 sonabile
754 2571 890 2634 sistrum.

66 2679 131 2722 non
148 2678 260 2721 secura
278 2655 420 2740 quidem,
438 2594 543 2721 laiusto
561 2668 667 2721 tamen
685 2655 789 2719 omine
806 2656 889 2720 laeta
1109 2674 1157 2724 785

65 2752 170 2807 mater
187 2741 253 2806 abit
269 2742 397 2827 templo.
441 2742 584 2825 sequitur
601 2763 705 2805 comes
723 2740 812 2826 Iphis
831 2751 968 2818 euntem,

65 2849 165 2910 quam
183 2827 275 2890 solita
292 2838 354 2903 est,
372 2827 490 2892 maiore
508 2828 624 2912 gradu:
642 2848 701 2891 nec
719 2826 837 2890 candor
854 2827 887 2890 in
905 2848 959 2892 ore

64 2924 246 2998 permanet,
264 2922 295 2977 et
312 2913 395 2977 vires
413 2928 579 2998 augentur,
599 2924 630 2976 et
648 2912 749 2976 acrior
766 2913 834 2997 ipae
852 2922 900 2976 est

64 2999 188 3075 vultus,
208 3008 239 3062 et
255 2997 424 3083 incomptis
443 2999 569 3063 brevior
584 3020 734 3063 mensura
751 2998 885 3082 capillis:

63 3085 203 3170 plusque
220 3082 338 3168 vigoris
357 3083 460 3160 adest,
478 3083 589 3148 habuit
606 3104 702 3165 quam
719 3084 846 3148 femina.
889 3106 964 3147 nam
982 3104 1064 3166 quae
1108 3101 1158 3152 700

63 3169 186 3234 femina
202 3191 304 3253 nuper
321 3191 407 3246 eras,
424 3190 505 3253 puer
522 3191 566 3234 es.
611 3170 683 3235 date
700 3192 832 3234 munera
849 3169 974 3253 templis

64 3276 125 3320 nec
142 3253 254 3318 timida
271 3254 408 3338 gaudete
425 3254 501 3319 fidel
537 3254 613 3318 dant
632 3277 763 3319 munera
779 3255 904 3340 templis
910 3279 919 3329 ;

65 3340 189 3404 addunt
206 3350 238 3403 et
255 3338 396 3416 titulum3
414 3340 523 3405 titulus
542 3341 638 3405 breve
656 3362 783 3405 carmen
799 3340 952 3404 habebat:

66 3426 166 3490 ‘dona
181 3446 263 3510 puer
280 3425 387 3502 solvit,
405 3446 488 3509 quae
505 3426 623 3490 femina
640 3436 779 3500 voverat,
798 3424 906 3510 Iphis.’

64 3522 193 3598 postera
210 3510 266 3573 lux
283 3510 380 3575 radiis
397 3511 497 3576 latum
514 3511 707 3596 patefecerat
724 3510 843 3586 orbem,
1110 3529 1158 3580 705

66 3619 139 3660 cum
156 3596 269 3661 Venus
287 3605 318 3661 et
334 3596 416 3659 Iuno
435 3596 600 3678 sociosque
618 3597 824 3680 Hymenaeus
844 3596 884 3659 ad
902 3596 992 3680 ignes

66 3681 272 3757 conveniunt,
290 3681 472 3768 potiturque
491 3704 549 3745 sua
566 3703 646 3766 puer
663 3682 751 3767 lphis
770 3681 893 3746 Ianthe.

421 3899 537 3954 LIBER
554 3898 733 3958 DECIMUS.

63 4023 145 4090 Inde
162 4047 220 4110 per
237 4023 427 4088 immensum
446 4045 556 4088 croceo
575 4024 697 4088 velatus
715 4024 832 4089 amictu
1034 4042 1156 4112 Orpheos,

63 4110 194 4178 aethera
212 4108 387 4198 digreditur
405 4106 624 4195 Ciconumque
643 4111 850 4198 Hymenaeus
869 4111 910 4175 ad
928 4133 998 4177 oras

861 4211 889 4250 11
899 4217 911 4244 ⁸
