2574 4478
242 307 608 365 METAMORPHOSEON
624 308 696 362 LIB.
715 307 751 362 X.
770 307 914 364 443—530.
1027 291 1088 359 115

63 440 273 512 mutataeque
290 431 366 494 mihi
384 431 545 514 vitamque
563 453 736 514 necemque
753 430 898 516 negate.’'

63 538 187 581 numen
205 515 357 581 confessis
375 517 504 600 aliquod
520 528 622 603 patet:
640 516 751 581 ultima
769 528 852 580 certe

64 613 142 667 vota
161 623 235 666 suos
253 602 392 668 habuere
410 603 496 668 deos.
540 625 615 667 nam
633 624 724 666 crura
740 601 897 684 loquentis

65 699 152 753 terra
170 687 365 772 supervenit,
382 699 555 773 ruptosque
574 688 701 771 obliqua
717 710 775 772 per
792 709 915 772 ungues
1107 706 1159 756 490

65 774 240 858 porrigitur
256 773 360 849 radix,
379 773 466 859 longi
483 774 660 838 firmamina
677 773 789 849 trunci,

66 880 204 958 ossaque
221 859 318 922 robur
336 871 450 944 agunt,
467 860 634 942 mediaque
652 870 798 923 manente
816 857 955 922 medulla

67 966 199 1029 sanguis
217 943 241 1006 it
259 943 291 1009 in
310 966 418 1021 sucos,
435 946 468 1008 in
486 967 618 1030 magnos
636 944 783 1008 bracchia
800 964 914 1020 ramos,

66 1029 102 1093 in
120 1050 236 1114 parvos
254 1029 359 1114 digiti3
379 1030 510 1094 duratur
527 1030 642 1094 cortice
659 1029 759 1114 001110.

66 1115 196 1197 iamque
214 1137 344 1199 gravem
363 1137 506 1180 crescens
524 1126 649 1180 uterum
666 1116 879 1200 praecinxerat
897 1116 990 1181 arbor
1108 1133 1159 1183 405

67 1210 262 1286 pectoraque
280 1200 429 1265 obruerat
448 1201 626 1284 collumque
644 1199 765 1285 operire
783 1202 928 1285 parabat:

67 1307 133 1349 non
151 1285 224 1349 tulit
241 1285 295 1351 illa
311 1307 448 1362 moram,
466 1286 667 1368 venientique
685 1285 779 1349 obvia
796 1286 882 1370 ligno

68 1370 213 1435 subsedit
230 1371 401 1454 mersitque
419 1393 492 1435 suos
510 1372 543 1435 in
561 1370 676 1435 cortice
693 1371 809 1435 vultus.

68 1477 152 1538 quae
169 1477 364 1539 quamquam
381 1457 485 1521 amisit
502 1466 624 1521 veteres
642 1478 714 1520 cum
732 1477 862 1541 corpore
880 1477 1001 1534 sensus,

67 1542 124 1606 flet
140 1553 262 1619 tamen,
280 1553 312 1606 et
329 1542 455 1626 tepidae
471 1553 602 1606 manant
619 1565 659 1606 ex
676 1541 788 1606 arbore
805 1551 924 1626 guttae.
1109 1563 1159 1612 000

67 1637 117 1692 000
134 1627 237 1691 honor
254 1637 286 1692 et
302 1627 439 1692 lacrimis
444 1653 453 1703 3
473 1627 652 1710 stillataque
669 1627 785 1692 cortice
802 1650 910 1691 murra

67 1733 186 1777 nomen
204 1712 280 1778 erile
297 1723 382 1778 tenet
397 1712 714 1794 nulloquetacebitur
731 1734 818 1777 aevo.

110 1801 158 1862 At
175 1798 259 1862 male
276 1807 446 1883 conceptus
465 1799 524 1862 sub
542 1799 654 1863 robore
672 1810 812 1863 creverat
829 1797 945 1876 infans,
1051 1814 1158 1868 Adonis.

68 1883 305 1968 quaerebatque
323 1883 422 1958 viam,
440 1903 555 1965 quase
573 1885 732 1969 genetrice
749 1884 858 1949 relicta

68 1979 222 2035 exereret.
266 1969 371 2033 media
387 1969 538 2054 gravidus
555 1980 655 2034 tumet
672 1969 784 2034 arbore
802 1981 925 2034 venter:
1110 1989 1159 2037 000

68 2055 170 2120 tendit
188 2075 268 2118 onus
285 2065 428 2119 matrem.
473 2075 576 2136 neque
593 2054 711 2119 habent
728 2077 786 2120 sua
802 2055 900 2120 verba
918 2055 1052 2131 dolores,

68 2162 128 2205 nec
146 2139 273 2204 Lucina
290 2150 393 2225 potest
410 2140 560 2224 parientis
578 2161 655 2204 voce
673 2140 789 2204 vocari.

68 2225 182 2290 nitenti
199 2235 305 2289 tamen
323 2236 370 2290 est
388 2226 511 2301 similis,
530 2235 722 2307 curvataque
740 2226 866 2291 crebros

70 2311 124 2375 dat
141 2311 280 2396 gemitus
298 2312 391 2375 arbor
406 2310 606 2394 lacrimisque
624 2310 808 2376 cadentibus
826 2322 923 2377 umet.

70 2395 210 2462 constitit
229 2396 270 2459 ad
286 2417 390 2460 ramos
407 2396 490 2460 mitis
508 2396 634 2460 Lucina
651 2396 792 2461 dolentes
1109 2419 1159 2468 510

70 2482 274 2564 admovitque
291 2503 404 2546 manus
422 2492 453 2546 et
470 2481 568 2546 verba
584 2503 741 2567 puerpera
758 2481 845 2546 dixit.

70 2569 165 2633 arbor
183 2567 249 2652 agit
266 2567 361 2632 rimas
379 2577 410 2632 et
426 2568 502 2631 fissa
519 2567 633 2631 cortice
651 2567 760 2631 vivum

68 2652 175 2719 reddit
192 2674 287 2729 000ος
304 2653 454 2738 vagitque
472 2676 565 2738 puer:
584 2673 679 2736 quem
697 2652 845 2716 mollibus
862 2652 968 2717 herbis

68 2737 191 2804 Naides
208 2737 390 2823 impositum
407 2739 544 2802 lacrimis
562 2761 681 2803 unxere
699 2739 847 2824 parentia.

66 2823 215 2889 laudaret
232 2823 346 2887 faciem
363 2823 464 2887 Livor
482 2844 617 2906 quoque.
660 2825 767 2907 qualia
784 2834 920 2906 namque

67 2930 204 2993 corpora
220 2909 378 2973 nudorum
394 2909 503 2974 tabula
520 2909 694 2994 pinguntur
711 2910 878 2985 Amorum,

10 3036 17 3075 .··
65 2995 142 3060 talis
161 3003 238 3058 erat.
283 2995 353 3069 sed,
371 3017 411 3059 ne
429 2993 526 3058 faciat
543 2995 723 3060 discrimina
740 2995 853 3070 cultus,

64 3091 126 3146 aut
144 3079 220 3143 huic
237 3079 318 3144 adde
336 3080 421 3144 leves
440 3091 495 3145 000
510 3079 572 3144 illis
591 3080 681 3146 deme
698 3080 871 3165 pharetras.

62 3163 190 3231 labitur
206 3166 328 3229 occulte
345 3165 488 3248 fallitque
506 3165 640 3229 volatilis
659 3177 755 3243 aetas,

62 3262 99 3317 et
117 3248 200 3314 nihil
217 3261 265 3314 est
282 3251 372 3314 annis
390 3251 538 3315 velocius.
577 3251 630 3315 ille
647 3273 752 3316 sorore

61 3347 165 3400 natus
184 3355 307 3418 avoque
325 3358 394 3412 000,
411 3337 467 3419 qui
485 3336 629 3400 conditus
648 3336 758 3401 arbore
776 3359 887 3422 nuper,

60 3442 174 3506 nuper
191 3430 258 3484 0000
274 3422 414 3505 genitus,
432 3422 527 3486 modo
544 3421 788 3486 formosissimus
804 3423 920 3500 infans,

59 3505 135 3571 iam
151 3504 291 3582 iuvenis,
308 3507 372 3570 iam
390 3506 447 3582 vir,
465 3507 528 3570 iam
546 3530 580 3572 se
597 3506 762 3571 formosior
779 3509 849 3592 ipse
867 3520 929 3572 est:

59 3590 134 3656 iam
152 3590 257 3676 placet
275 3601 307 3656 et
323 3592 441 3656 Veneri
459 3592 630 3675 matrisque
647 3593 808 3657 ulciscitur
825 3595 925 3678 ignes.

59 3697 212 3759 namque
228 3675 426 3761 pharetratus
444 3678 519 3741 dum
538 3677 592 3740 dat
609 3700 688 3762 puer
705 3679 813 3743 oscula
829 3680 932 3755 matri,

59 3760 190 3827 inscius
208 3761 328 3826 extanti
346 3762 509 3827 destrinxit
526 3763 701 3828 harundine
717 3774 837 3848 pectus.

58 3843 158 3913 laesa
176 3870 273 3911 manu
290 3858 399 3912 natum
417 3848 477 3912 dea
493 3848 639 3932 reppulit.
683 3849 776 3913 altius
793 3859 900 3912 actum

58 3933 187 3998 vulnus
205 3942 274 3997 erat
290 3932 410 4018 specie,
427 3934 592 4018 primoque
609 3933 764 3999 fefellerat
780 3934 891 4018 ipsam.

59 4029 165 4104 capta
181 4017 243 4082 viri
258 4016 361 4083 forma
378 4039 443 4083 000
458 4018 522 4083 iam
541 4016 711 4103 Cythereia
727 4030 817 4084 curat

58 4098 177 4182 litora,
195 4125 260 4168 non
278 4103 342 4169 0100
358 4104 471 4191 repetit
490 4105 623 4190 Paphon
641 4127 777 4190 aequore
795 4105 930 4170 cinctam
