<?xml version="1.0" encoding="UTF-8"?>
<!DOCTYPE html PUBLIC "-//W3C//DTD XHTML 1.0 Transitional//EN"
    "http://www.w3.org/TR/xhtml1/DTD/xhtml1-transitional.dtd">
<html xmlns="http://www.w3.org/1999/xhtml" xml:lang="en" lang="en">
 <head>
  <title>
</title>
<meta http-equiv="Content-Type" content="text/html;charset=utf-8" />
  <meta name='ocr-system' content='tesseract 3.04.00' />
  <meta name='ocr-capabilities' content='ocr_page ocr_carea ocr_par ocr_line ocrx_word'/>
</head>
<body>
  <div class='ocr_page' id='page_1' title='image "./carmina03ovidgoog_0075.png"; bbox 0 0 2574 4478; ppageno 0'>
   <div class='ocr_carea' id='block_1_1' title="bbox 215 312 896 384">
    <p class='ocr_par' dir='ltr' id='par_1_1' title="bbox 215 312 896 384">
     <span class='ocr_line' id='line_1_1' title="bbox 215 312 896 384; baseline 0.003 -4"><span class='ocrx_word' id='word_1_1' title='bbox 215 312 254 380; x_wconf 87' lang='grc'>18</span> <span class='ocrx_word' id='word_1_2' title='bbox 541 325 574 381; x_wconf 90' lang='grc' dir='ltr'>Ρ.</span> <span class='ocrx_word' id='word_1_3' title='bbox 594 327 717 384; x_wconf 90' lang='lat' dir='ltr'><strong>OVIDII</strong></span> <span class='ocrx_word' id='word_1_4' title='bbox 734 325 896 384; x_wconf 86' lang='lat' dir='ltr'>NASONIS</span> 
     </span>
    </p>
   </div>
   <div class='ocr_carea' id='block_1_2' title="bbox 126 450 1229 3690">
    <p class='ocr_par' dir='ltr' id='par_1_2' title="bbox 126 450 1229 3690">
     <span class='ocr_line' id='line_1_2' title="bbox 214 450 1079 537; baseline -0.001 -21"><span class='ocrx_word' id='word_1_5' title='bbox 214 454 311 535; x_wconf 91' lang='lat' dir='ltr'>fitque</span> <span class='ocrx_word' id='word_1_6' title='bbox 328 452 414 534; x_wconf 93' lang='lat' dir='ltr'>quod</span> <span class='ocrx_word' id='word_1_7' title='bbox 432 462 504 515; x_wconf 88' lang='lat' dir='ltr'>ante</span> <span class='ocrx_word' id='word_1_8' title='bbox 521 450 591 514; x_wconf 88' lang='lat' dir='ltr'>fuit.</span> <span class='ocrx_word' id='word_1_9' title='bbox 634 451 761 535; x_wconf 88' lang='lat' dir='ltr'>fugiunt</span> <span class='ocrx_word' id='word_1_10' title='bbox 779 475 795 516; x_wconf 92' lang='lat' dir='ltr'>e</span> <span class='ocrx_word' id='word_1_11' title='bbox 814 474 943 537; x_wconf 91' lang='lat' dir='ltr'>corpore</span> <span class='ocrx_word' id='word_1_12' title='bbox 962 462 1079 527; x_wconf 81' lang='lat' dir='ltr'>saetae3</span> 
     </span>
     <span class='ocr_line' id='line_1_3' title="bbox 214 536 971 612; baseline -0.005 -10"><span class='ocrx_word' id='word_1_13' title='bbox 214 560 331 602; x_wconf 89' lang='lat' dir='ltr'>cornua</span> <span class='ocrx_word' id='word_1_14' title='bbox 350 537 548 612; x_wconf 89' lang='lat' dir='ltr'>decrescunt,</span> <span class='ocrx_word' id='word_1_15' title='bbox 566 536 602 599; x_wconf 88' lang='lat' dir='ltr'>fit</span> <span class='ocrx_word' id='word_1_16' title='bbox 619 536 746 600; x_wconf 90' lang='lat' dir='ltr'>luminis</span> <span class='ocrx_word' id='word_1_17' title='bbox 764 537 859 600; x_wconf 90' lang='lat' dir='ltr'>artior</span> <span class='ocrx_word' id='word_1_18' title='bbox 876 536 971 612; x_wconf 94' lang='lat' dir='ltr'>orbis,</span> 
     </span>
     <span class='ocr_line' id='line_1_4' title="bbox 147 620 1067 705; baseline -0.008 -11"><span class='ocrx_word' id='word_1_19' title='bbox 147 645 196 694; x_wconf 83' lang='grc'>740</span> <span class='ocrx_word' id='word_1_20' title='bbox 214 622 406 688; x_wconf 83' lang='lat' dir='ltr'><strong>contrahitur</strong></span> <span class='ocrx_word' id='word_1_21' title='bbox 422 622 534 697; x_wconf 87' lang='lat' dir='ltr'>rictus,</span> <span class='ocrx_word' id='word_1_22' title='bbox 552 620 686 686; x_wconf 88' lang='lat' dir='ltr'>redeunt</span> <span class='ocrx_word' id='word_1_23' title='bbox 702 622 865 705; x_wconf 90' lang='lat' dir='ltr'>umerique</span> <span class='ocrx_word' id='word_1_24' title='bbox 882 643 1067 703; x_wconf 88' lang='lat' dir='ltr'>manusque,</span> 
     </span>
     <span class='ocr_line' id='line_1_5' title="bbox 213 706 1058 794; baseline -0.004 -22"><span class='ocrx_word' id='word_1_25' title='bbox 213 710 394 794; x_wconf 84' lang='lat' dir='ltr'>ungulaque</span> <span class='ocrx_word' id='word_1_26' title='bbox 411 707 445 770; x_wconf 93' lang='lat' dir='ltr'>in</span> <span class='ocrx_word' id='word_1_27' title='bbox 462 707 574 790; x_wconf 90' lang='lat' dir='ltr'>quinos</span> <span class='ocrx_word' id='word_1_28' title='bbox 592 706 714 790; x_wconf 90' lang='lat' dir='ltr'>dilapsa</span> <span class='ocrx_word' id='word_1_29' title='bbox 730 707 907 770; x_wconf 83' lang='lat' dir='ltr'>absumitur</span> <span class='ocrx_word' id='word_1_30' title='bbox 924 729 1058 790; x_wconf 87' lang='lat' dir='ltr'>ungues.</span> 
     </span>
     <span class='ocr_line' id='line_1_6' title="bbox 214 791 1076 877; baseline -0.002 -18"><span class='ocrx_word' id='word_1_31' title='bbox 214 796 253 859; x_wconf 90' lang='lat' dir='ltr'>de</span> <span class='ocrx_word' id='word_1_32' title='bbox 270 794 352 857; x_wconf 92' lang='lat' dir='ltr'>bove</span> <span class='ocrx_word' id='word_1_33' title='bbox 369 793 412 856; x_wconf 90' lang='lat' dir='ltr'>nil</span> <span class='ocrx_word' id='word_1_34' title='bbox 430 803 586 877; x_wconf 83' lang='lat' dir='ltr'>superest,</span> <span class='ocrx_word' id='word_1_35' title='bbox 604 791 724 856; x_wconf 90' lang='lat' dir='ltr'>formae</span> <span class='ocrx_word' id='word_1_36' title='bbox 741 792 802 856; x_wconf 92' lang='lat' dir='ltr'>nisi</span> <span class='ocrx_word' id='word_1_37' title='bbox 820 793 945 867; x_wconf 91' lang='lat' dir='ltr'>candor,</span> <span class='ocrx_word' id='word_1_38' title='bbox 962 792 996 855; x_wconf 93' lang='lat' dir='ltr'>in</span> <span class='ocrx_word' id='word_1_39' title='bbox 1012 791 1076 857; x_wconf 90' lang='lat' dir='ltr'>illa.</span> 
     </span>
     <span class='ocr_line' id='line_1_7' title="bbox 213 877 986 962; baseline -0.004 -19"><span class='ocrx_word' id='word_1_40' title='bbox 213 879 380 960; x_wconf 88' lang='lat' dir='ltr'>officioque</span> <span class='ocrx_word' id='word_1_41' title='bbox 398 877 516 962; x_wconf 90' lang='lat' dir='ltr'>pedum</span> <span class='ocrx_word' id='word_1_42' title='bbox 532 877 671 962; x_wconf 88' lang='lat' dir='ltr'>nymphe</span> <span class='ocrx_word' id='word_1_43' title='bbox 688 888 834 941; x_wconf 90' lang='lat' dir='ltr'>contenta</span> <span class='ocrx_word' id='word_1_44' title='bbox 852 877 986 940; x_wconf 92' lang='lat' dir='ltr'>duorum</span> 
     </span>
     <span class='ocr_line' id='line_1_8' title="bbox 214 961 997 1049; baseline -0.003 -21"><span class='ocrx_word' id='word_1_45' title='bbox 214 965 358 1049; x_wconf 83' lang='lat' dir='ltr'>erigitur3</span> <span class='ocrx_word' id='word_1_46' title='bbox 376 963 550 1044; x_wconf 89' lang='lat' dir='ltr'>metuitque</span> <span class='ocrx_word' id='word_1_47' title='bbox 566 961 667 1043; x_wconf 92' lang='lat' dir='ltr'>loqui,</span> <span class='ocrx_word' id='word_1_48' title='bbox 685 985 725 1027; x_wconf 91' lang='lat' dir='ltr'>ne</span> <span class='ocrx_word' id='word_1_49' title='bbox 742 984 829 1026; x_wconf 88' lang='lat' dir='ltr'>more</span> <span class='ocrx_word' id='word_1_50' title='bbox 845 962 997 1026; x_wconf 87' lang='lat' dir='ltr'>iuvencae</span> 
     </span>
     <span class='ocr_line' id='line_1_9' title="bbox 148 1046 1024 1133; baseline -0.009 -13"><span class='ocrx_word' id='word_1_51' title='bbox 148 1072 196 1119; x_wconf 87' lang='grc'><strong>745</strong></span> <span class='ocrx_word' id='word_1_52' title='bbox 214 1050 349 1133; x_wconf 85' lang='lat' dir='ltr'>mugiat,</span> <span class='ocrx_word' id='word_1_53' title='bbox 367 1060 399 1112; x_wconf 88' lang='lat' dir='ltr'>et</span> <span class='ocrx_word' id='word_1_54' title='bbox 416 1047 523 1110; x_wconf 87' lang='lat' dir='ltr'>timide</span> <span class='ocrx_word' id='word_1_55' title='bbox 541 1046 638 1112; x_wconf 89' lang='lat' dir='ltr'>verba</span> <span class='ocrx_word' id='word_1_56' title='bbox 655 1047 831 1110; x_wconf 89' lang='lat' dir='ltr'>intermissa</span> <span class='ocrx_word' id='word_1_57' title='bbox 847 1058 1024 1131; x_wconf 83' lang='lat' dir='ltr'>retemptat.</span> 
     </span>
     <span class='ocr_line' id='line_1_10' title="bbox 214 1133 990 1217; baseline -0.006 -18"><span class='ocrx_word' id='word_1_58' title='bbox 214 1156 299 1199; x_wconf 93' lang='lat' dir='ltr'>nunc</span> <span class='ocrx_word' id='word_1_59' title='bbox 315 1134 375 1198; x_wconf 87' lang='lat' dir='ltr'>dea</span> <span class='ocrx_word' id='word_1_60' title='bbox 391 1133 523 1217; x_wconf 90' lang='lat' dir='ltr'>linigera</span> <span class='ocrx_word' id='word_1_61' title='bbox 541 1133 653 1196; x_wconf 89' lang='lat' dir='ltr'>colitur</span> <span class='ocrx_word' id='word_1_62' title='bbox 670 1133 872 1196; x_wconf 89' lang='lat' dir='ltr'>celeberrima</span> <span class='ocrx_word' id='word_1_63' title='bbox 888 1134 990 1196; x_wconf 89' lang='lat' dir='ltr'>turba.</span> 
     </span>
     <span class='ocr_line' id='line_1_11' title="bbox 253 1216 1229 1303; baseline 0.003 -22"><span class='ocrx_word' id='word_1_64' title='bbox 253 1217 506 1303; x_wconf 85' lang='lat' dir='ltr'>NuncEpaphus</span> <span class='ocrx_word' id='word_1_65' title='bbox 520 1217 628 1301; x_wconf 86' lang='lat' dir='ltr'>magni</span> <span class='ocrx_word' id='word_1_66' title='bbox 640 1217 765 1302; x_wconf 85' lang='lat' dir='ltr'>genitus</span> <span class='ocrx_word' id='word_1_67' title='bbox 776 1217 814 1282; x_wconf 93' lang='lat' dir='ltr'>de</span> <span class='ocrx_word' id='word_1_68' title='bbox 829 1218 946 1282; x_wconf 88' lang='lat' dir='ltr'>semine</span> <span class='ocrx_word' id='word_1_69' title='bbox 959 1217 1087 1282; x_wconf 90' lang='lat' dir='ltr'>tandem</span> <span class='ocrx_word' id='word_1_70' title='bbox 1104 1216 1229 1301; x_wconf 54' lang='lat' dir='ltr'>Epaphi?</span> 
     </span>
     <span class='ocr_line' id='line_1_12' title="bbox 215 1286 1229 1404; baseline -0.005 -34"><span class='ocrx_word' id='word_1_71' title='bbox 215 1305 351 1371; x_wconf 91' lang='lat' dir='ltr'>creditur</span> <span class='ocrx_word' id='word_1_72' title='bbox 369 1327 437 1367; x_wconf 93' lang='lat' dir='ltr'>esse</span> <span class='ocrx_word' id='word_1_73' title='bbox 454 1303 551 1378; x_wconf 87' lang='lat' dir='ltr'>Iovis,</span> <span class='ocrx_word' id='word_1_74' title='bbox 568 1324 687 1387; x_wconf 87' lang='lat' dir='ltr'>perque</span> <span class='ocrx_word' id='word_1_75' title='bbox 704 1303 799 1367; x_wconf 92' lang='lat' dir='ltr'>urbes</span> <span class='ocrx_word' id='word_1_76' title='bbox 815 1303 923 1366; x_wconf 88' lang='lat' dir='ltr'>iuncta</span> <span class='ocrx_word' id='word_1_77' title='bbox 940 1303 1062 1387; x_wconf 88' lang='lat' dir='ltr'>parenti</span> <span class='ocrx_word' id='word_1_78' title='bbox 1104 1286 1229 1404; x_wconf 43' lang='lat' dir='ltr'>affl&amp;</span> 
     </span>
     <span class='ocr_line' id='line_1_13' title="bbox 215 1370 1200 1475; baseline -0.003 -20"><span class='ocrx_word' id='word_1_79' title='bbox 215 1390 333 1475; x_wconf 89' lang='lat' dir='ltr'>templa</span> <span class='ocrx_word' id='word_1_80' title='bbox 350 1400 444 1453; x_wconf 90' lang='lat' dir='ltr'>tenet.</span> <span class='ocrx_word' id='word_1_81' title='bbox 487 1388 548 1451; x_wconf 90' lang='lat' dir='ltr'>fuit</span> <span class='ocrx_word' id='word_1_82' title='bbox 565 1388 638 1452; x_wconf 94' lang='lat' dir='ltr'>huic</span> <span class='ocrx_word' id='word_1_83' title='bbox 655 1387 766 1452; x_wconf 91' lang='lat' dir='ltr'>animis</span> <span class='ocrx_word' id='word_1_84' title='bbox 784 1389 924 1470; x_wconf 86' lang='lat' dir='ltr'>aequalis</span> <span class='ocrx_word' id='word_1_85' title='bbox 942 1400 974 1452; x_wconf 91' lang='lat' dir='ltr'>et</span> <span class='ocrx_word' id='word_1_86' title='bbox 991 1388 1080 1452; x_wconf 91' lang='lat' dir='ltr'>annis</span> <span class='ocrx_word' id='word_1_87' title='bbox 1174 1370 1200 1405; x_wconf 73' lang='lat'>&#39;²&#39;</span> 
     </span>
     <span class='ocr_line' id='line_1_14' title="bbox 149 1473 1213 1558; baseline -0.008 -12"><span class='ocrx_word' id='word_1_88' title='bbox 149 1496 198 1545; x_wconf 98' lang='grc'>750</span> <span class='ocrx_word' id='word_1_89' title='bbox 216 1476 291 1543; x_wconf 87' lang='lat' dir='ltr'>Sole</span> <span class='ocrx_word' id='word_1_90' title='bbox 309 1486 395 1538; x_wconf 90' lang='lat' dir='ltr'>satus</span> <span class='ocrx_word' id='word_1_91' title='bbox 412 1473 593 1537; x_wconf 68' lang='lat' dir='ltr'>Phaethon:</span> <span class='ocrx_word' id='word_1_92' title='bbox 612 1494 706 1556; x_wconf 89' lang='lat' dir='ltr'>quem</span> <span class='ocrx_word' id='word_1_93' title='bbox 724 1473 883 1556; x_wconf 91' lang='lat' dir='ltr'>quondam</span> <span class='ocrx_word' id='word_1_94' title='bbox 900 1496 1017 1558; x_wconf 85' lang='lat' dir='ltr'>magna</span> <span class='ocrx_word' id='word_1_95' title='bbox 1033 1474 1213 1555; x_wconf 89' lang='lat' dir='ltr'>loquentem</span> 
     </span>
     <span class='ocr_line' id='line_1_15' title="bbox 214 1557 1077 1643; baseline -0.006 -18"><span class='ocrx_word' id='word_1_96' title='bbox 214 1583 273 1625; x_wconf 90' lang='lat' dir='ltr'>nec</span> <span class='ocrx_word' id='word_1_97' title='bbox 291 1560 350 1624; x_wconf 86' lang='lat' dir='ltr'>sibi</span> <span class='ocrx_word' id='word_1_98' title='bbox 368 1559 530 1622; x_wconf 90' lang='lat' dir='ltr'>cedentem</span> <span class='ocrx_word' id='word_1_99' title='bbox 547 1557 742 1641; x_wconf 87' lang='lat' dir='ltr'>Phoeboque</span> <span class='ocrx_word' id='word_1_100' title='bbox 759 1571 888 1643; x_wconf 88' lang='lat' dir='ltr'>parente</span> <span class='ocrx_word' id='word_1_101' title='bbox 906 1558 1077 1643; x_wconf 90' lang='lat' dir='ltr'>superbum</span> 
     </span>
     <span class='ocr_line' id='line_1_16' title="bbox 126 1643 1112 1725; baseline -0.003 -15"><span class='ocrx_word' id='word_1_102' title='bbox 126 1647 127 1650; x_wconf 65' lang='grc'>’</span> <span class='ocrx_word' id='word_1_103' title='bbox 215 1668 279 1710; x_wconf 83' lang='grc'>000</span> <span class='ocrx_word' id='word_1_104' title='bbox 297 1645 368 1708; x_wconf 91' lang='lat' dir='ltr'>tulit</span> <span class='ocrx_word' id='word_1_105' title='bbox 384 1643 567 1719; x_wconf 83' lang='lat' dir='ltr'>Inachides,</span> <span class='ocrx_word' id='word_1_106' title='bbox 585 1644 768 1725; x_wconf 88' lang='lat' dir='ltr'>‘matri&#39;que</span> <span class='ocrx_word' id='word_1_107' title='bbox 786 1645 830 1708; x_wconf 90' lang='lat' dir='ltr'>ait</span> <span class='ocrx_word' id='word_1_108' title='bbox 847 1645 967 1708; x_wconf 90' lang='lat' dir='ltr'>‘omnia</span> <span class='ocrx_word' id='word_1_109' title='bbox 984 1643 1112 1707; x_wconf 90' lang='lat' dir='ltr'>demens</span> 
     </span>
     <span class='ocr_line' id='line_1_17' title="bbox 216 1728 1003 1814; baseline -0.005 -18"><span class='ocrx_word' id='word_1_110' title='bbox 216 1731 316 1797; x_wconf 90' lang='lat' dir='ltr'>credis</span> <span class='ocrx_word' id='word_1_111' title='bbox 335 1740 366 1794; x_wconf 91' lang='lat' dir='ltr'>et</span> <span class='ocrx_word' id='word_1_112' title='bbox 384 1752 416 1793; x_wconf 88' lang='lat' dir='ltr'>es</span> <span class='ocrx_word' id='word_1_113' title='bbox 435 1728 573 1792; x_wconf 92' lang='lat' dir='ltr'>tumidus</span> <span class='ocrx_word' id='word_1_114' title='bbox 590 1728 740 1812; x_wconf 85' lang='lat' dir='ltr'>genitoris</span> <span class='ocrx_word' id='word_1_115' title='bbox 756 1729 894 1814; x_wconf 87' lang='lat' dir='ltr'>imagine</span> <span class='ocrx_word' id='word_1_116' title='bbox 911 1728 1003 1795; x_wconf 81' lang='lat' dir='ltr'>falsi’</span> 
     </span>
     <span class='ocr_line' id='line_1_18' title="bbox 217 1814 985 1899; baseline -0.005 -18"><span class='ocrx_word' id='word_1_117' title='bbox 217 1815 341 1882; x_wconf 91' lang='lat' dir='ltr'>erubuit</span> <span class='ocrx_word' id='word_1_118' title='bbox 357 1814 523 1879; x_wconf 70' lang='lat' dir='ltr'>Phaethon</span> <span class='ocrx_word' id='word_1_119' title='bbox 540 1814 682 1896; x_wconf 89' lang='lat' dir='ltr'>iramque</span> <span class='ocrx_word' id='word_1_120' title='bbox 699 1814 819 1898; x_wconf 84' lang='lat' dir='ltr'>pudore</span> <span class='ocrx_word' id='word_1_121' title='bbox 836 1815 985 1899; x_wconf 87' lang='lat' dir='ltr'>repressit</span> 
     </span>
     <span class='ocr_line' id='line_1_19' title="bbox 152 1896 1055 1985; baseline -0.01 -13"><span class='ocrx_word' id='word_1_122' title='bbox 152 1923 200 1972; x_wconf 88' lang='grc'>755</span> <span class='ocrx_word' id='word_1_123' title='bbox 219 1913 251 1966; x_wconf 91' lang='lat' dir='ltr'>et</span> <span class='ocrx_word' id='word_1_124' title='bbox 268 1901 338 1965; x_wconf 90' lang='lat' dir='ltr'>tulit</span> <span class='ocrx_word' id='word_1_125' title='bbox 355 1899 396 1963; x_wconf 91' lang='lat' dir='ltr'>ad</span> <span class='ocrx_word' id='word_1_126' title='bbox 415 1896 590 1984; x_wconf 85' lang='lat' dir='ltr'>Clymenen</span> <span class='ocrx_word' id='word_1_127' title='bbox 607 1898 734 1985; x_wconf 84' lang='lat' dir='ltr'>Epaphi</span> <span class='ocrx_word' id='word_1_128' title='bbox 752 1900 893 1965; x_wconf 91' lang='lat' dir='ltr'>convicia</span> <span class='ocrx_word' id='word_1_129' title='bbox 911 1911 1055 1965; x_wconf 89' lang='lat' dir='ltr'>matrem:</span> 
     </span>
     <span class='ocr_line' id='line_1_20' title="bbox 217 1984 1162 2070; baseline -0.003 -19"><span class='ocrx_word' id='word_1_130' title='bbox 217 1986 371 2070; x_wconf 83' lang='lat' dir='ltr'>‘quo’que</span> <span class='ocrx_word' id='word_1_131' title='bbox 388 1985 504 2069; x_wconf 88' lang='lat' dir='ltr'>‘magis</span> <span class='ocrx_word' id='word_1_132' title='bbox 523 1984 643 2061; x_wconf 91' lang='lat' dir='ltr'>doleas,</span> <span class='ocrx_word' id='word_1_133' title='bbox 660 1985 832 2069; x_wconf 85' lang='lat' dir='ltr'>genetrix&#39;:</span> <span class='ocrx_word' id='word_1_134' title='bbox 852 1985 896 2049; x_wconf 90' lang='lat' dir='ltr'>ait</span> <span class='ocrx_word' id='word_1_135' title='bbox 912 1986 979 2049; x_wconf 91' lang='lat' dir='ltr'>‘ille</span> <span class='ocrx_word' id='word_1_136' title='bbox 996 2006 1056 2070; x_wconf 85' lang='lat' dir='ltr'>ego</span> <span class='ocrx_word' id='word_1_137' title='bbox 1074 1984 1162 2059; x_wconf 88' lang='lat' dir='ltr'>liber,</span> 
     </span>
     <span class='ocr_line' id='line_1_21' title="bbox 216 2069 1016 2156; baseline -0.003 -20"><span class='ocrx_word' id='word_1_138' title='bbox 216 2072 268 2137; x_wconf 91' lang='grc'><strong>1110</strong></span> <span class='ocrx_word' id='word_1_139' title='bbox 286 2073 375 2135; x_wconf 88' lang='lat' dir='ltr'>ferox</span> <span class='ocrx_word' id='word_1_140' title='bbox 392 2070 486 2134; x_wconf 90' lang='lat' dir='ltr'>tacui.</span> <span class='ocrx_word' id='word_1_141' title='bbox 530 2070 628 2155; x_wconf 90' lang='lat' dir='ltr'>pudet</span> <span class='ocrx_word' id='word_1_142' title='bbox 645 2069 723 2135; x_wconf 90' lang='lat' dir='ltr'>haec</span> <span class='ocrx_word' id='word_1_143' title='bbox 741 2071 909 2156; x_wconf 90' lang='lat' dir='ltr'>opprobria</span> <span class='ocrx_word' id='word_1_144' title='bbox 924 2070 1016 2134; x_wconf 91' lang='lat' dir='ltr'>nobis</span> 
     </span>
     <span class='ocr_line' id='line_1_22' title="bbox 218 2155 897 2241; baseline -0.003 -19"><span class='ocrx_word' id='word_1_145' title='bbox 218 2169 249 2223; x_wconf 92' lang='lat' dir='ltr'>et</span> <span class='ocrx_word' id='word_1_146' title='bbox 266 2157 328 2221; x_wconf 92' lang='lat' dir='ltr'>dici</span> <span class='ocrx_word' id='word_1_147' title='bbox 344 2155 484 2241; x_wconf 89' lang='lat' dir='ltr'>potuisse</span> <span class='ocrx_word' id='word_1_148' title='bbox 502 2166 534 2219; x_wconf 91' lang='lat' dir='ltr'>et</span> <span class='ocrx_word' id='word_1_149' title='bbox 550 2177 613 2219; x_wconf 91' lang='lat' dir='ltr'>non</span> <span class='ocrx_word' id='word_1_150' title='bbox 631 2155 770 2239; x_wconf 88' lang='lat' dir='ltr'>potuisse</span> <span class='ocrx_word' id='word_1_151' title='bbox 787 2156 897 2221; x_wconf 84' lang='lat' dir='ltr'>refelli.</span> 
     </span>
     <span class='ocr_line' id='line_1_23' title="bbox 217 2239 968 2327; baseline -0.003 -20"><span class='ocrx_word' id='word_1_152' title='bbox 217 2257 249 2307; x_wconf 91' lang='lat' dir='ltr'>at</span> <span class='ocrx_word' id='word_1_153' title='bbox 266 2254 315 2317; x_wconf 93' lang='lat' dir='ltr'>tu,</span> <span class='ocrx_word' id='word_1_154' title='bbox 334 2243 360 2305; x_wconf 90' lang='lat' dir='ltr'>si</span> <span class='ocrx_word' id='word_1_155' title='bbox 377 2239 471 2304; x_wconf 91' lang='lat' dir='ltr'>modo</span> <span class='ocrx_word' id='word_1_156' title='bbox 489 2262 559 2304; x_wconf 91' lang='lat' dir='ltr'>sum</span> <span class='ocrx_word' id='word_1_157' title='bbox 577 2241 703 2305; x_wconf 90' lang='lat' dir='ltr'>caelesti</span> <span class='ocrx_word' id='word_1_158' title='bbox 721 2242 817 2327; x_wconf 87' lang='lat' dir='ltr'>stirpe</span> <span class='ocrx_word' id='word_1_159' title='bbox 835 2252 968 2317; x_wconf 89' lang='lat' dir='ltr'>creatus,</span> 
     </span>
     <span class='ocr_line' id='line_1_24' title="bbox 150 2325 1023 2410; baseline -0.013 -9"><span class='ocrx_word' id='word_1_160' title='bbox 150 2350 199 2400; x_wconf 85' lang='grc'>700</span> <span class='ocrx_word' id='word_1_161' title='bbox 217 2329 275 2393; x_wconf 89' lang='lat' dir='ltr'>ede</span> <span class='ocrx_word' id='word_1_162' title='bbox 292 2338 399 2391; x_wconf 90' lang='lat' dir='ltr'>notam</span> <span class='ocrx_word' id='word_1_163' title='bbox 416 2326 494 2390; x_wconf 86' lang='lat' dir='ltr'>tanti</span> <span class='ocrx_word' id='word_1_164' title='bbox 512 2326 636 2410; x_wconf 84' lang='lat' dir='ltr'>generis</span> <span class='ocrx_word' id='word_1_165' title='bbox 654 2349 767 2410; x_wconf 92' lang='lat' dir='ltr'>meque</span> <span class='ocrx_word' id='word_1_166' title='bbox 786 2349 889 2391; x_wconf 86' lang='lat' dir='ltr'>assere</span> <span class='ocrx_word' id='word_1_167' title='bbox 907 2325 1023 2391; x_wconf 82' lang='lat' dir='ltr'>caelol&#39;</span> 
     </span>
     <span class='ocr_line' id='line_1_25' title="bbox 217 2411 943 2496; baseline -0.003 -18"><span class='ocrx_word' id='word_1_168' title='bbox 217 2414 296 2479; x_wconf 87' lang='lat' dir='ltr'>dixit</span> <span class='ocrx_word' id='word_1_169' title='bbox 314 2424 344 2478; x_wconf 91' lang='lat' dir='ltr'>et</span> <span class='ocrx_word' id='word_1_170' title='bbox 361 2411 516 2496; x_wconf 82' lang='lat' dir='ltr'>implicuit</span> <span class='ocrx_word' id='word_1_171' title='bbox 532 2423 672 2477; x_wconf 87' lang='lat' dir='ltr'>materno</span> <span class='ocrx_word' id='word_1_172' title='bbox 690 2412 837 2477; x_wconf 87' lang='lat' dir='ltr'>bracchia</span> <span class='ocrx_word' id='word_1_173' title='bbox 854 2414 943 2487; x_wconf 91' lang='lat' dir='ltr'>collo,</span> 
     </span>
     <span class='ocr_line' id='line_1_26' title="bbox 216 2496 1134 2585; baseline -0.005 -21"><span class='ocrx_word' id='word_1_174' title='bbox 216 2520 335 2585; x_wconf 91' lang='lat' dir='ltr'>perque</span> <span class='ocrx_word' id='word_1_175' title='bbox 352 2520 444 2561; x_wconf 89' lang='lat' dir='ltr'>suum</span> <span class='ocrx_word' id='word_1_176' title='bbox 461 2496 665 2582; x_wconf 88' lang='lat' dir='ltr'>Meropisque</span> <span class='ocrx_word' id='word_1_177' title='bbox 683 2509 777 2582; x_wconf 90' lang='lat' dir='ltr'>caput</span> <span class='ocrx_word' id='word_1_178' title='bbox 794 2498 964 2580; x_wconf 82' lang='lat' dir='ltr'>taedasque</span> <span class='ocrx_word' id='word_1_179' title='bbox 983 2518 1134 2571; x_wconf 89' lang='lat' dir='ltr'>sororum,</span> 
     </span>
     <span class='ocr_line' id='line_1_27' title="bbox 217 2582 937 2667; baseline -0.007 -17"><span class='ocrx_word' id='word_1_180' title='bbox 217 2585 369 2659; x_wconf 89' lang='lat' dir='ltr'>traderet,</span> <span class='ocrx_word' id='word_1_181' title='bbox 387 2582 502 2658; x_wconf 90' lang='lat' dir='ltr'>oravit,</span> <span class='ocrx_word' id='word_1_182' title='bbox 519 2583 585 2647; x_wconf 86' lang='lat' dir='ltr'>veri</span> <span class='ocrx_word' id='word_1_183' title='bbox 603 2582 663 2646; x_wconf 91' lang='lat' dir='ltr'>sibi</span> <span class='ocrx_word' id='word_1_184' title='bbox 681 2583 772 2667; x_wconf 87' lang='lat' dir='ltr'>signa</span> <span class='ocrx_word' id='word_1_185' title='bbox 812 2583 937 2647; x_wconf 85' lang='lat' dir='ltr'>arentis.</span> 
     </span>
     <span class='ocr_line' id='line_1_28' title="bbox 218 2606 1113 2755; baseline -0.006 -22"><span class='ocrx_word' id='word_1_186' title='bbox 218 2669 416 2755; x_wconf 88' lang='lat' dir='ltr'>ambiguum,</span> <span class='ocrx_word' id='word_1_187' title='bbox 436 2664 602 2751; x_wconf 85' lang='lat' dir='ltr'>Clymene,</span> <span class='ocrx_word' id='word_1_188' title='bbox 620 2667 766 2752; x_wconf 89' lang='lat' dir='ltr'>precibus</span> <span class='ocrx_word' id='word_1_189' title='bbox 783 2606 990 2733; x_wconf 61' lang='lat' dir='ltr'>lhacthontis</span> <span class='ocrx_word' id='word_1_190' title='bbox 1008 2690 1048 2731; x_wconf 90' lang='lat' dir='ltr'>an</span> <span class='ocrx_word' id='word_1_191' title='bbox 1065 2666 1113 2729; x_wconf 87' lang='lat' dir='ltr'>ira</span> 
     </span>
     <span class='ocr_line' id='line_1_29' title="bbox 150 2752 1014 2837; baseline -0.012 -11"><span class='ocrx_word' id='word_1_192' title='bbox 150 2777 198 2825; x_wconf 86' lang='grc'>705</span> <span class='ocrx_word' id='word_1_193' title='bbox 216 2766 303 2818; x_wconf 90' lang='lat' dir='ltr'>mota</span> <span class='ocrx_word' id='word_1_194' title='bbox 320 2753 420 2837; x_wconf 88' lang='lat' dir='ltr'>magis</span> <span class='ocrx_word' id='word_1_195' title='bbox 439 2752 513 2816; x_wconf 91' lang='lat' dir='ltr'>dicti</span> <span class='ocrx_word' id='word_1_196' title='bbox 530 2752 590 2816; x_wconf 87' lang='lat' dir='ltr'>sibi</span> <span class='ocrx_word' id='word_1_197' title='bbox 607 2752 758 2829; x_wconf 90' lang='lat' dir='ltr'>criminis,</span> <span class='ocrx_word' id='word_1_198' title='bbox 777 2764 909 2836; x_wconf 85' lang='lat' dir='ltr'>utraque</span> <span class='ocrx_word' id='word_1_199' title='bbox 928 2754 1014 2817; x_wconf 88' lang='lat' dir='ltr'>caelo</span> 
     </span>
     <span class='ocr_line' id='line_1_30' title="bbox 217 2838 1029 2923; baseline -0.004 -20"><span class='ocrx_word' id='word_1_200' title='bbox 217 2839 363 2903; x_wconf 87' lang='lat' dir='ltr'>bracchia</span> <span class='ocrx_word' id='word_1_201' title='bbox 380 2838 518 2923; x_wconf 85' lang='lat' dir='ltr'>porrexit</span> <span class='ocrx_word' id='word_1_202' title='bbox 536 2849 742 2922; x_wconf 86' lang='lat' dir='ltr'>spectansque</span> <span class='ocrx_word' id='word_1_203' title='bbox 760 2838 801 2901; x_wconf 90' lang='lat' dir='ltr'>ad</span> <span class='ocrx_word' id='word_1_204' title='bbox 818 2838 938 2903; x_wconf 90' lang='lat' dir='ltr'>lumina</span> <span class='ocrx_word' id='word_1_205' title='bbox 955 2838 1029 2902; x_wconf 92' lang='lat' dir='ltr'>solis</span> 
     </span>
     <span class='ocr_line' id='line_1_31' title="bbox 218 2922 1040 3010; baseline -0.004 -21"><span class='ocrx_word' id='word_1_206' title='bbox 218 2932 289 3010; x_wconf 90' lang='lat' dir='ltr'>‘per</span> <span class='ocrx_word' id='word_1_207' title='bbox 305 2924 396 2986; x_wconf 87' lang='lat' dir='ltr'>iubar</span> <span class='ocrx_word' id='word_1_208' title='bbox 413 2923 488 2986; x_wconf 91' lang='lat' dir='ltr'>hoc’</span> <span class='ocrx_word' id='word_1_209' title='bbox 506 2923 609 3005; x_wconf 91' lang='lat' dir='ltr'>inquit</span> <span class='ocrx_word' id='word_1_210' title='bbox 625 2923 734 2986; x_wconf 89' lang='lat' dir='ltr'>‘radiis</span> <span class='ocrx_word' id='word_1_211' title='bbox 752 2923 874 3009; x_wconf 86' lang='lat' dir='ltr'>insigne</span> <span class='ocrx_word' id='word_1_212' title='bbox 892 2922 1040 2998; x_wconf 83' lang='lat' dir='ltr'>coruscis,</span> 
     </span>
     <span class='ocr_line' id='line_1_32' title="bbox 216 3007 998 3091; baseline -0.003 -17"><span class='ocrx_word' id='word_1_213' title='bbox 216 3021 304 3086; x_wconf 89' lang='lat' dir='ltr'>nate,</span> <span class='ocrx_word' id='word_1_214' title='bbox 322 3008 379 3073; x_wconf 91' lang='lat' dir='ltr'>tibi</span> <span class='ocrx_word' id='word_1_215' title='bbox 396 3007 475 3084; x_wconf 91' lang='lat' dir='ltr'>iuro,</span> <span class='ocrx_word' id='word_1_216' title='bbox 495 3007 580 3090; x_wconf 91' lang='lat' dir='ltr'>quod</span> <span class='ocrx_word' id='word_1_217' title='bbox 597 3029 654 3071; x_wconf 92' lang='lat' dir='ltr'>nos</span> <span class='ocrx_word' id='word_1_218' title='bbox 672 3008 821 3090; x_wconf 90' lang='lat' dir='ltr'>auditque</span> <span class='ocrx_word' id='word_1_219' title='bbox 839 3009 998 3091; x_wconf 87' lang='lat' dir='ltr'>videtque,</span> 
     </span>
     <span class='ocr_line' id='line_1_33' title="bbox 218 3092 1127 3178; baseline -0.002 -21"><span class='ocrx_word' id='word_1_220' title='bbox 218 3095 278 3159; x_wconf 92' lang='lat' dir='ltr'>hoc</span> <span class='ocrx_word' id='word_1_221' title='bbox 295 3105 341 3171; x_wconf 90' lang='lat' dir='ltr'>te,</span> <span class='ocrx_word' id='word_1_222' title='bbox 358 3115 453 3176; x_wconf 92' lang='lat' dir='ltr'>quem</span> <span class='ocrx_word' id='word_1_223' title='bbox 471 3103 607 3178; x_wconf 86' lang='lat' dir='ltr'>spectas,</span> <span class='ocrx_word' id='word_1_224' title='bbox 626 3092 686 3157; x_wconf 94' lang='lat' dir='ltr'>hoc</span> <span class='ocrx_word' id='word_1_225' title='bbox 704 3105 747 3170; x_wconf 90' lang='lat' dir='ltr'>te,</span> <span class='ocrx_word' id='word_1_226' title='bbox 766 3093 821 3177; x_wconf 92' lang='lat' dir='ltr'>qui</span> <span class='ocrx_word' id='word_1_227' title='bbox 838 3105 992 3178; x_wconf 89' lang='lat' dir='ltr'>temperat</span> <span class='ocrx_word' id='word_1_228' title='bbox 1009 3092 1127 3168; x_wconf 91' lang='lat' dir='ltr'>orbem,</span> 
     </span>
     <span class='ocr_line' id='line_1_34' title="bbox 150 3177 1100 3264; baseline -0.013 -12"><span class='ocrx_word' id='word_1_229' title='bbox 150 3202 200 3252; x_wconf 92' lang='grc'>770</span> <span class='ocrx_word' id='word_1_230' title='bbox 217 3180 293 3247; x_wconf 86' lang='lat' dir='ltr'>Sole</span> <span class='ocrx_word' id='word_1_231' title='bbox 311 3190 424 3243; x_wconf 86' lang='lat' dir='ltr'>satum.</span> <span class='ocrx_word' id='word_1_232' title='bbox 459 3178 485 3241; x_wconf 89' lang='lat' dir='ltr'>si</span> <span class='ocrx_word' id='word_1_233' title='bbox 502 3177 576 3242; x_wconf 90' lang='lat' dir='ltr'>ficta</span> <span class='ocrx_word' id='word_1_234' title='bbox 592 3179 714 3260; x_wconf 90' lang='lat' dir='ltr'>loquor,</span> <span class='ocrx_word' id='word_1_235' title='bbox 732 3191 827 3263; x_wconf 85' lang='lat' dir='ltr'>neget</span> <span class='ocrx_word' id='word_1_236' title='bbox 844 3180 911 3264; x_wconf 93' lang='lat' dir='ltr'>ipse</span> <span class='ocrx_word' id='word_1_237' title='bbox 929 3179 1100 3242; x_wconf 89' lang='lat' dir='ltr'>videndum</span> 
     </span>
     <span class='ocr_line' id='line_1_35' title="bbox 217 3264 1073 3347; baseline -0.006 -16"><span class='ocrx_word' id='word_1_238' title='bbox 217 3290 251 3332; x_wconf 91' lang='lat' dir='ltr'>se</span> <span class='ocrx_word' id='word_1_239' title='bbox 267 3265 359 3340; x_wconf 91' lang='lat' dir='ltr'>mihi,</span> <span class='ocrx_word' id='word_1_240' title='bbox 377 3265 480 3347; x_wconf 88' lang='lat' dir='ltr'>sitque</span> <span class='ocrx_word' id='word_1_241' title='bbox 497 3264 596 3327; x_wconf 90' lang='grc'><strong>000110</strong></span> <span class='ocrx_word' id='word_1_242' title='bbox 613 3265 669 3327; x_wconf 86' lang='lat' dir='ltr'>lux</span> <span class='ocrx_word' id='word_1_243' title='bbox 685 3264 746 3328; x_wconf 91' lang='lat' dir='ltr'>ista</span> <span class='ocrx_word' id='word_1_244' title='bbox 762 3264 933 3328; x_wconf 89' lang='lat' dir='ltr'>novissima</span> <span class='ocrx_word' id='word_1_245' title='bbox 949 3264 1073 3328; x_wconf 89' lang='lat' dir='ltr'>nostris.</span> 
     </span>
     <span class='ocr_line' id='line_1_36' title="bbox 216 3349 1064 3449; baseline -0.005 -33"><span class='ocrx_word' id='word_1_246' title='bbox 216 3373 275 3416; x_wconf 90' lang='lat' dir='ltr'>nee</span> <span class='ocrx_word' id='word_1_247' title='bbox 292 3351 405 3449; x_wconf 82' lang='lat' dir='ltr'>longus</span> <span class='ocrx_word' id='word_1_248' title='bbox 423 3349 541 3434; x_wconf 90' lang='lat' dir='ltr'>patrios</span> <span class='ocrx_word' id='word_1_249' title='bbox 559 3349 648 3413; x_wconf 90' lang='lat' dir='ltr'>labor</span> <span class='ocrx_word' id='word_1_250' title='bbox 665 3362 712 3414; x_wconf 91' lang='lat' dir='ltr'>est</span> <span class='ocrx_word' id='word_1_251' title='bbox 728 3349 786 3413; x_wconf 91' lang='lat' dir='ltr'>tibi</span> <span class='ocrx_word' id='word_1_252' title='bbox 802 3372 895 3414; x_wconf 90' lang='lat' dir='ltr'>nosse</span> <span class='ocrx_word' id='word_1_253' title='bbox 912 3349 1064 3414; x_wconf 86' lang='lat' dir='ltr'>Penates:</span> 
     </span>
     <span class='ocr_line' id='line_1_37' title="bbox 215 3435 1096 3511; baseline -0.005 -11"><span class='ocrx_word' id='word_1_254' title='bbox 215 3437 300 3501; x_wconf 90' lang='lat' dir='ltr'>unde</span> <span class='ocrx_word' id='word_1_255' title='bbox 317 3448 424 3511; x_wconf 87' lang='lat' dir='ltr'>ontur,</span> <span class='ocrx_word' id='word_1_256' title='bbox 442 3435 554 3498; x_wconf 90' lang='lat' dir='ltr'>domus</span> <span class='ocrx_word' id='word_1_257' title='bbox 572 3445 620 3500; x_wconf 88' lang='lat' dir='ltr'>est</span> <span class='ocrx_word' id='word_1_258' title='bbox 636 3446 736 3499; x_wconf 88' lang='lat' dir='ltr'>terrae</span> <span class='ocrx_word' id='word_1_259' title='bbox 755 3435 946 3500; x_wconf 89' lang='lat' dir='ltr'>contermina</span> <span class='ocrx_word' id='word_1_260' title='bbox 962 3448 1096 3498; x_wconf 87' lang='lat' dir='ltr'>nostrae.</span> 
     </span>
     <span class='ocr_line' id='line_1_38' title="bbox 217 3516 1136 3604; baseline -0.004 -20"><span class='ocrx_word' id='word_1_261' title='bbox 217 3521 243 3585; x_wconf 90' lang='lat' dir='ltr'>si</span> <span class='ocrx_word' id='word_1_262' title='bbox 260 3520 354 3584; x_wconf 91' lang='lat' dir='ltr'>modo</span> <span class='ocrx_word' id='word_1_263' title='bbox 371 3520 432 3584; x_wconf 89' lang='lat' dir='ltr'>fert</span> <span class='ocrx_word' id='word_1_264' title='bbox 449 3518 587 3594; x_wconf 88' lang='lat' dir='ltr'>animus,</span> <span class='ocrx_word' id='word_1_265' title='bbox 605 3520 752 3604; x_wconf 85' lang='lat' dir='ltr'>gradere,</span> <span class='ocrx_word' id='word_1_266' title='bbox 770 3532 801 3584; x_wconf 92' lang='lat' dir='ltr'>et</span> <span class='ocrx_word' id='word_1_267' title='bbox 819 3520 971 3584; x_wconf 87' lang='lat' dir='ltr'>scitabere</span> <span class='ocrx_word' id='word_1_268' title='bbox 988 3518 1029 3583; x_wconf 90' lang='lat' dir='ltr'>ab</span> <span class='ocrx_word' id='word_1_269' title='bbox 1046 3516 1136 3603; x_wconf 91' lang='lat' dir='ltr'>ipso.&#39;</span> 
     </span>
     <span class='ocr_line' id='line_1_39' title="bbox 149 3604 926 3690; baseline -0.012 -13"><span class='ocrx_word' id='word_1_270' title='bbox 149 3627 198 3676; x_wconf 89' lang='grc'>775</span> <span class='ocrx_word' id='word_1_271' title='bbox 216 3606 329 3670; x_wconf 90' lang='lat' dir='ltr'>emicat</span> <span class='ocrx_word' id='word_1_272' title='bbox 346 3606 503 3690; x_wconf 86' lang='lat' dir='ltr'>extemplo</span> <span class='ocrx_word' id='word_1_273' title='bbox 520 3604 621 3668; x_wconf 85' lang='lat' dir='ltr'>laetus</span> <span class='ocrx_word' id='word_1_274' title='bbox 638 3616 709 3689; x_wconf 88' lang='lat' dir='ltr'>post</span> <span class='ocrx_word' id='word_1_275' title='bbox 727 3605 802 3669; x_wconf 88' lang='lat' dir='ltr'>talia</span> <span class='ocrx_word' id='word_1_276' title='bbox 819 3605 926 3669; x_wconf 88' lang='lat' dir='ltr'>matris</span> 
     </span>
    </p>
   </div>
   <div class='ocr_carea' id='block_1_3' title="bbox 216 3689 1054 3776">
    <p class='ocr_par' dir='ltr' id='par_1_3' title="bbox 216 3689 1054 3776">
     <span class='ocr_line' id='line_1_40' title="bbox 216 3689 1054 3776; baseline -0.001 -23"><span class='ocrx_word' id='word_1_277' title='bbox 216 3691 300 3753; x_wconf 87' lang='lat' dir='ltr'>dicta</span> <span class='ocrx_word' id='word_1_278' title='bbox 317 3712 393 3754; x_wconf 87' lang='lat' dir='ltr'>suae</span> <span class='ocrx_word' id='word_1_279' title='bbox 410 3689 577 3755; x_wconf 70' lang='lat' dir='ltr'>Phaethon</span> <span class='ocrx_word' id='word_1_280' title='bbox 595 3701 627 3755; x_wconf 92' lang='lat' dir='ltr'>et</span> <span class='ocrx_word' id='word_1_281' title='bbox 644 3691 779 3776; x_wconf 87' lang='lat' dir='ltr'>concipit</span> <span class='ocrx_word' id='word_1_282' title='bbox 796 3690 923 3756; x_wconf 90' lang='lat' dir='ltr'>aethera</span> <span class='ocrx_word' id='word_1_283' title='bbox 939 3700 1054 3765; x_wconf 92' lang='lat' dir='ltr'>mente,</span> 
     </span>
    </p>
   </div>
   <div class='ocr_carea' id='block_1_4' title="bbox 215 3774 1076 3947">
    <p class='ocr_par' dir='ltr' id='par_1_4' title="bbox 215 3774 1076 3947">
     <span class='ocr_line' id='line_1_41' title="bbox 215 3774 1076 3875; baseline 0 -37"><span class='ocrx_word' id='word_1_284' title='bbox 215 3774 454 3874; x_wconf 67' lang='lat' dir='ltr'>hethiopasque</span> <span class='ocrx_word' id='word_1_285' title='bbox 471 3797 545 3840; x_wconf 86' lang='lat' dir='ltr'>suos</span> <span class='ocrx_word' id='word_1_286' title='bbox 562 3774 742 3875; x_wconf 90' lang='lat' dir='ltr'>positosque</span> <span class='ocrx_word' id='word_1_287' title='bbox 760 3775 820 3839; x_wconf 89' lang='lat' dir='ltr'>sub</span> <span class='ocrx_word' id='word_1_288' title='bbox 837 3775 962 3860; x_wconf 88' lang='lat' dir='ltr'>ignibus</span> <span class='ocrx_word' id='word_1_289' title='bbox 980 3774 1076 3838; x_wconf 89' lang='lat' dir='ltr'>Indos</span> 
     </span>
     <span class='ocr_line' id='line_1_42' title="bbox 216 3859 1016 3947; baseline -0.005 -20"><span class='ocrx_word' id='word_1_290' title='bbox 216 3859 346 3927; x_wconf 74' lang='lat' dir='ltr'>s1dere1s</span> <span class='ocrx_word' id='word_1_291' title='bbox 363 3860 474 3924; x_wconf 86' lang='lat' dir='ltr'>transit</span> <span class='ocrx_word' id='word_1_292' title='bbox 488 3873 670 3946; x_wconf 77' lang='lat' dir='ltr'>patriosque</span> <span class='ocrx_word' id='word_1_293' title='bbox 687 3861 753 3924; x_wconf 92' lang='lat' dir='ltr'>adit</span> <span class='ocrx_word' id='word_1_294' title='bbox 769 3861 903 3947; x_wconf 89' lang='lat' dir='ltr'>impiger</span> <span class='ocrx_word' id='word_1_295' title='bbox 920 3871 1016 3924; x_wconf 87' lang='lat' dir='ltr'>ortus.</span> 
     </span>
    </p>
   </div>
   <div class='ocr_carea' id='block_1_5' title="bbox 0 0 1292 4478">
    <p class='ocr_par' dir='ltr' id='par_1_5' title="bbox 0 0 1292 4478">
     <span class='ocr_line' id='line_1_43' title="bbox 0 0 1292 4478; baseline 0 0"><span class='ocrx_word' id='word_1_296' title='bbox 0 0 1292 4478; x_wconf 95' lang='lat' dir='ltr'> </span> 
     </span>
    </p>
   </div>
  </div>
 </body>
</html>
