2574 4478
202 258 244 324 74
531 273 564 327 Ρ.
585 271 708 329 OVIDII
725 269 887 327 NASONIS

133 417 184 467 800
202 394 302 483 [nunc
319 417 458 480 quoque,
475 405 512 461 ut
529 395 676 460 attonitos
693 394 861 459 formidine
878 403 994 458 terreat
1010 391 1130 472 hostes,

200 494 326 568 pectore
342 481 376 547 in
393 481 525 548 adverso
542 503 623 566 quos
640 480 717 548 iecit
733 480 866 545 sustinet
883 475 1030 565 angam]

549 752 665 808 LIBER
682 750 860 818 QUINTUS.

201 909 353 994 Dumque
370 931 408 975 ea
426 906 614 994 Cephenum
630 910 735 974 medio
753 908 915 974 Danaeius
933 908 1027 973 heros
1078 922 1204 992 (Phineaj

201 996 326 1081 agmine
344 1007 581 1071 commemorat,
598 995 732 1059 fremida
748 996 867 1081 regalia
884 994 978 1059 turba

202 1081 280 1144 atria
297 1081 501 1166 complentur.
545 1102 604 1145 nec
621 1081 811 1165 coniugialia
827 1080 910 1145 festa

201 1167 256 1248 qui
274 1178 379 1243 canat,
397 1177 445 1230 est
462 1167 590 1240 clamor,
608 1165 664 1230 sed
682 1166 737 1249 qui
754 1165 822 1230 fera
838 1165 962 1230 nuntiet
979 1186 1085 1229 armat

167 1271 184 1320 5
200 1252 297 1334 inque
313 1251 492 1336 repentinos
510 1251 656 1314 convivia
672 1273 764 1315 versa
780 1251 933 1315 tumultus

200 1337 385 1402 assimulare
397 1338 478 1403 freto
489 1337 604 1421 possis,
622 1335 708 1418 quod
725 1358 820 1401 saeva
837 1335 980 1419 quietum

201 1433 367 1487 ventorum
383 1421 487 1485 rabies
504 1421 597 1485 motis
615 1433 780 1506 exasperat
796 1421 899 1486 undis.

222 1507 321 1571 rimus
337 1507 371 1571 in
388 1506 437 1571 his
453 1506 610 1583 Phineus,
628 1507 702 1571 belli
719 1507 903 1571 temerarius
920 1515 1041 1584 auctor,

272 1593 281 1608 '
306 1615 375 1657 eam
392 1592 536 1675 quatiens
554 1601 677 1656 aeratae
696 1592 834 1676 cuspidis
851 1593 985 1668 hastam,

153 1697 185 1747 10
202 1677 276 1755 ‘en,’
294 1678 338 1741 ait
356 1683 409 1742 ‘en
428 1676 539 1740 adsum
555 1687 738 1761 praereptae
756 1677 899 1763 coniugis
916 1677 1010 1742 ultor.

200 1785 260 1828 nec
276 1762 354 1826 mihi
371 1774 402 1826 te
420 1784 556 1847 pennae,
573 1784 633 1827 nec
649 1762 765 1826 falsum
782 1785 892 1828 versus
909 1763 943 1826 in
960 1784 1075 1827 aurum

200 1849 344 1948 Iuppiter
361 1847 490 1932 eripiet?
533 1848 659 1912 conanti
676 1848 798 1914 mittere
817 1845 966 1933 Cepheus

202 1934 294 2017 ‘qurd
311 1933 421 1997 facis?
440 1933 595 1997 exclamat
613 1940 709 2016 ‘quae
725 1944 772 2011 te,
789 1956 949 2019 germane,
968 1933 1126 1999 furentem

201 2042 290 2084 mens
308 2019 373 2104 agit
389 2018 423 2082 in
440 2017 582 2082 facinus?
598 2018 758 2084 meritisne
775 2020 855 2084 haec
871 2019 974 2105 gratia
991 2020 1087 2084 tantis

153 2122 185 2171 15
202 2104 361 2169 redditur?
379 2105 438 2168 hac
455 2104 553 2168 vitam
569 2115 711 2170 servatae
729 2104 802 2169 dote
819 2105 985 2190 rependis?

203 2211 298 2273 quam
315 2189 373 2253 tibi
389 2211 452 2254 non
469 2189 621 2267 Perseus,
638 2211 750 2255 verum
767 2190 794 2255 si
810 2191 950 2274 quaeris,
969 2189 1096 2266 ademit,

202 2276 258 2339 sed
275 2297 372 2360 grave
389 2275 562 2340 Nereidum
579 2298 712 2354 numen,
730 2276 786 2341 sed
804 2276 948 2362 corniger
964 2276 1138 2352 Hammon,

202 2361 257 2425 sed
274 2382 356 2443 quae
373 2360 545 2425 visceribus
562 2360 709 2426 veniebat
726 2361 820 2426 belua
837 2361 926 2446 ponti

202 2446 411 2510 exsaturanda
428 2446 516 2511 meis.
559 2446 613 2509 illo
631 2447 688 2510 tibi
705 2457 847 2531 tempore
864 2457 954 2532 rapta
971 2457 1030 2524 est,

151 2550 185 2601 20
202 2553 265 2614 quo
283 2532 421 2616 peritura
437 2531 512 2596 fuit:
530 2532 591 2595 nisi
608 2531 648 2607 si,
667 2532 818 2610 crudelis,
835 2531 869 2595 id
886 2533 990 2618 ipsum

202 2617 316 2701 exigis,
334 2628 371 2682 ut
387 2629 509 2702 pereat,
527 2617 677 2700 luctuque
693 2617 840 2683 levabere
856 2630 974 2682 nostro.

202 2703 320 2766 scilicet
336 2703 422 2766 haud
439 2703 513 2767 satis
532 2713 593 2778 est,
611 2703 697 2786 quod
714 2714 745 2768 te
763 2713 923 2788 spectante
940 2701 1082 2768 revincta
1097 2712 1154 2779 est,

202 2799 234 2852 et
250 2787 368 2851 nullam
387 2788 472 2872 quod
489 2809 581 2872 opem
598 2800 729 2873 patruus
747 2810 920 2873 sponsusve
937 2787 1052 2853 tulistiz

201 2872 338 2958 insuper,
357 2896 376 2936 a
393 2894 551 2957 quoquam
569 2873 655 2956 quod
671 2873 712 2938 sit
729 2886 862 2951 servata,
881 2874 1002 2939 dolebis

152 2976 184 3026 25
202 2958 403 3043 praemiaque
421 2958 552 3043 eripies?
578 2981 660 3043 quae
677 2959 704 3022 si
720 2959 778 3023 tibi
795 2983 913 3046 magna
929 2960 1087 3038 videntur,

203 3066 242 3108 ex
259 3043 320 3107 illis
339 3043 488 3127 scopulis,
505 3043 561 3107 ubi
579 3055 667 3109 erant
684 3044 803 3121 adfixa,
820 3046 962 3132 petisses.

201 3150 286 3194 nunc
303 3128 385 3206 sine,
407 3129 462 3212 qui
479 3129 582 3214 petiit,
604 3153 662 3215 per
678 3151 774 3213 quem
791 3131 870 3196 haec
886 3154 950 3197 non
966 3131 1046 3196 orba
1063 3139 1204 3205 senectae

201 3214 297 3290 ferre,
315 3213 401 3297 quod
419 3227 450 3280 et
466 3215 584 3279 meritis
602 3227 633 3280 et
650 3237 728 3281 voce
746 3226 793 3281 est
809 3227 935 3302 pactus:
953 3236 1091 3299 eumque

200 3322 264 3364 non
281 3300 352 3376 tibi,
371 3300 427 3365 sed
444 3311 547 3365 certae
565 3301 739 3385 praelatum
755 3301 903 3387 intellege
919 3302 1033 3366 morti!

151 3406 184 3456 ao
201 3385 253 3450 ille
270 3385 348 3449 nihil
365 3397 486 3463 contra;
506 3387 561 3450 sed
578 3398 610 3451 et
625 3386 711 3450 hunc
728 3398 759 3451 et
775 3387 895 3452 Persea
911 3387 1002 3453 vultu

201 3471 320 3535 alterno
338 3482 496 3556 spectans,
514 3481 600 3556 petat
617 3472 716 3548 hunc,
733 3472 872 3557 ignorat,
890 3496 931 3536 an
947 3473 1052 3540 illum:

202 3566 429 3640 cunctatusque
446 3557 535 3621 brevi
552 3568 725 3621 contortam
743 3557 863 3622 viribus
880 3558 1013 3636 hastam,

202 3651 336 3727 quantas
353 3640 400 3706 ira
417 3642 527 3720 dabat,
544 3644 737 3726 nequiquam
753 3644 786 3706 in
803 3643 922 3708 Persea
939 3644 1034 3710 misit.

201 3739 238 3792 ut
255 3727 341 3792 stetit
357 3727 411 3791 illa
427 3737 508 3804 toro,
527 3729 631 3793 stratis
649 3739 716 3792 tum
735 3729 871 3812 denique
888 3728 1026 3796 Perseus

151 3831 183 3881 ³5
202 3813 325 3889 exiluit,
343 3813 467 3896 teloque
485 3812 574 3878 ferox
590 3813 717 3879 inimica
733 3815 863 3879 remisso

201 3910 330 3999 pectora
346 3898 495 3983 rupisset,
513 3899 573 3963 nisi
590 3910 662 3983 post
679 3900 788 3964 altaria
804 3899 946 3966 Phineus

200 3994 292 4048 isset:
311 3994 355 4060 et,
372 3983 550 4136 indiffiml
569 3985 719 4049 scelerato
736 3984 854 4070 profuit
872 4009 935 4050 ara.

200 4067 306 4136 fronte
322 4079 429 4139 tamen
498 4069 562 4139 ceti
578 4092 643 4137 non
659 4070 746 4138 irrita
764 4071 868 4158 cuspis
887 4071 1041 4143 adhaesit.
