2574 4478
171 239 212 306 62
501 255 534 310 Ρ.
554 255 678 313 OVIDII
696 254 858 313 NASONIS

171 401 244 464 pars
261 378 330 444 fieri
346 379 487 466 potuisse
503 392 636 465 negant3
654 403 728 465 pars
747 382 853 445 omnia
870 404 962 447 veros

170 487 263 550 posse
281 466 356 531 deos
374 479 563 531 memorant:
582 467 638 530 sed
656 489 720 530 non
738 478 785 532 021
802 467 950 532 Bacchus
967 469 999 534 in
1017 467 1089 535 11112.

170 551 310 637 poscitur
326 552 488 630 Alcithoe',
507 562 676 637 postquam
693 553 807 617 siluere
826 575 959 619 sorores.

104 654 152 704 275
171 659 252 720 quae
270 637 358 702 radio
376 639 487 703 stantis
504 661 689 723 percurrens
708 639 841 703 stamina
858 639 940 705 telae

171 724 330 788 ‘vulcatos
348 725 451 789 taceo’
470 724 549 790 dixit
567 724 714 809 ‘pastoris
732 746 854 789 amores

170 776 350 894 Daphnidis
368 810 471 887 Idaei,
490 831 584 893 quem
602 810 740 896 nymphe
758 811 888 896 paelicis
905 812 953 875 ira

171 896 303 960 contulit
318 896 352 959 in
370 919 492 960 saxum.
528 907 633 960 tantus
652 896 741 960 dolor
757 898 821 961 urit
838 907 991 963 amantes.

170 1003 229 1046 neo
246 982 368 1064 loquor,
386 992 421 1046 ut
439 983 600 1065 quondam
617 993 748 1047 naturae
765 983 834 1047 iure
851 995 968 1048 novato

104 1083 153 1134 200
171 1066 339 1152 ambiguus
357 1066 452 1132 fuerit
469 1068 563 1131 modo
581 1067 639 1142 vir,
656 1069 752 1132 modo
769 1067 887 1132 femina
905 1067 1031 1135 Sithon.

170 1164 202 1218 te
220 1174 361 1236 quoque,
379 1175 464 1218 nunc
482 1154 626 1230 adamas,
643 1154 804 1236 quondam
821 1153 972 1219 fidissime
989 1176 1099 1239 parvo,

172 1235 290 1314 Calmi,'
307 1239 391 1316 Iovi,
408 1239 560 1324 largoque
578 1249 662 1304 satos
681 1236 816 1305 Curetas
834 1239 875 1303 ab
892 1239 996 1316 imbri,

171 1340 203 1389 et
221 1321 347 1389 Crocon
364 1326 397 1389 in
414 1347 529 1411 parvos
547 1348 673 1389 versum
691 1347 763 1389 cum
782 1324 921 1391 Smilace
937 1327 1030 1391 flores

170 1420 348 1495 praetereo,
367 1411 515 1494 dulcique
533 1411 653 1475 animos
671 1410 811 1475 novitate
828 1411 953 1477 tenebo.

104 1513 152 1562 205
213 1495 310 1561 Unde
328 1496 368 1560 sit
384 1496 522 1573 infamis,
541 1518 638 1579 quare
655 1498 737 1562 male
754 1496 889 1560 fortibus
903 1497 997 1562 undis
1016 1495 1191 1557 (Salmaces

172 1580 327 1648 Salmacis
346 1593 474 1650 enervet
490 1593 653 1666 tactosque
670 1583 825 1647 remolliat
842 1593 938 1660 artus,
1016 1565 1191 1700 ΗἭᾘῙΞΥΟ·

172 1668 292 1733 discite.
336 1691 433 1733 causa
448 1669 538 1745 latet3
557 1669 604 1732 vis
623 1680 671 1732 est
687 1668 850 1732 notissima
867 1668 974 1734 fontis.
1134 1671 1140 1685 ‘

171 1752 334 1818 Mercurio
351 1776 486 1839 puerum
505 1754 578 1819 diva
596 1751 787 1838 Cythereide
804 1764 917 1819 natum

171 1838 291 1905 Naides
308 1840 414 1905 Idaeis
432 1840 608 1905 enutrivere
627 1839 686 1903 sub
705 1840 802 1904 antris
808 1864 817 1916 3

105 1945 154 1994 200
173 1926 261 1990 02122
280 1936 347 1990 2221
364 1925 475 2001 120122,
493 1926 527 1990 12
544 1947 608 2009 qua
625 1938 789 2008 materque
806 1935 958 2010 paterque

172 2011 321 2096 cognosci
338 2022 482 2096 possent:
499 2033 616 2076 nomen
634 2033 762 2094 quoque
779 2011 875 2076 traxit
892 2011 933 2076 ab
950 2009 1022 2079 illis.

171 2096 199 2161 is
217 2097 366 2161 triacum
384 2097 521 2182 primum
538 2097 613 2162 feeit
630 2097 859 2181 quinquennia,
877 2107 1000 2162 montes

173 2183 311 2248 deseruit
328 2183 461 2268 patrios,
479 2184 601 2266 Idaque
619 2184 727 2248 altrice
745 2182 853 2248 relicta

171 2269 288 2353 ignotis
307 2291 411 2333 errare
427 2270 519 2347 locis,
537 2269 646 2354 ignota
663 2269 770 2334 videre

105 2374 153 2422 202
171 2355 303 2419 flumina
319 2354 496 2441 gaudebat,
513 2355 617 2419 studio
634 2355 796 2420 minuente
813 2354 964 2419 lahorem.

171 2441 225 2506 ille
243 2442 337 2506 etiam
355 2441 473 2526 Lycias
491 2442 585 2505 urbes
604 2442 788 2526 Lyciaeque
805 2440 1000 2526 propinquos

173 2524 274 2592 Caras
292 2527 366 2592 adit.
410 2528 496 2591 videt
513 2527 565 2591 hic
582 2538 731 2612 stagnum
747 2526 880 2591 lucentis
898 2526 940 2590 ad
956 2526 1057 2590 imum

172 2634 273 2696 usque
291 2613 393 2677 solum
410 2612 568 2698 lymphae.
611 2635 675 2677 non
692 2613 756 2677 11110
774 2634 875 2678 02222
891 2612 1039 2696 palustris

172 2721 230 2763 nec
248 2699 368 2764 steriles
386 2700 479 2764 ulvae
497 2720 556 2763 nec
573 2709 667 2762 acuta
684 2698 814 2783 cuspide
831 2697 931 2762 iunci:

105 2805 154 2853 200
172 2785 358 2870 perspicuus
374 2784 478 2868 liquor
496 2796 552 2849 221.
596 2784 700 2870 stagni
717 2795 824 2849 tamen
841 2783 952 2847 ultima
968 2783 1042 2849 vivo

173 2871 310 2956 caespite
328 2871 499 2954 cinguntur
516 2893 703 2956 semperque
721 2869 893 2934 virentibus
911 2868 1028 2934 herbis.

171 2955 313 3040 nympha
331 2956 419 3033 colit,
438 2956 494 3021 sed
511 2978 570 3022 neo
588 2956 754 3022 venatibus
773 2966 860 3040 apta,
878 2976 1048 3020 necamus

172 3043 297 3106 flectere
315 3063 397 3124 quae
416 3042 530 3119 soleat,
548 3064 607 3107 neo
625 3064 707 3126 quae
725 3040 915 3106 contendere
933 3062 1043 3118 cursu3

172 3128 302 3211 solaque
318 3127 479 3192 Naiadum
496 3128 590 3193 celeri
606 3150 671 3193 non
687 3138 763 3192 nota
778 3125 915 3191 Dianae.

105 3234 153 3282 205
172 3236 266 3299 saepe
284 3236 358 3277 suas
375 3214 421 3277 illi
438 3214 523 3278 fama
541 3224 588 3278 221
605 3214 721 3278 dixisse
739 3234 861 3277 sorores

172 3298 350 3374 “Salmaci,
368 3299 419 3364 vel
435 3299 574 3365 iaculum
592 3301 642 3364 vel
660 3300 761 3384 pictas
778 3321 868 3363 sume
885 3297 1060 3382 pharetras,

172 3396 204 3450 et
221 3395 276 3449 tua
294 3407 367 3449 cum
385 3385 471 3449 duris
489 3386 655 3450 venatibus
675 3386 739 3450 0112
755 3383 892 3449 misce:’'

170 3494 231 3536 220
246 3470 384 3535 iaculum
403 3471 498 3535 sumit
514 3493 573 3535 neo
590 3473 691 3556 pietas
708 3471 762 3535 illa
779 3470 952 3555 pharetras,

169 3579 231 3621 200
248 3580 306 3622 222
324 3579 398 3621 cum
416 3557 501 3621 duris
520 3558 686 3622 venatibus
705 3557 768 3621 otia
785 3556 910 3633 miscet3

104 3661 154 3711 010
172 3643 228 3707 sed
245 3643 339 3706 modo
357 3643 444 3707 fonte
463 3665 520 3708 suo
538 3643 692 3708 formosos
710 3642 826 3728 perluit
842 3651 939 3719 artus,

171 3751 266 3813 saepe
286 3726 455 3813 Cytoriaco
473 3729 601 3794 deducit
618 3728 742 3814 pectine
760 3727 872 3804 crines,

171 3824 203 3877 et
220 3814 297 3896 quid
314 3837 348 3878 se
367 3814 492 3891 deceat,
511 3827 667 3900 spectatas
685 3813 820 3879 consulit
836 3811 953 3891 undas3

170 3920 256 3964 nunc
272 3899 446 3984 perlucenti
464 3901 657 3965 circumdata
674 3922 787 3985 corpus
806 3899 923 3964 amictu

171 3984 320 4049 mollibus
338 3997 394 4049 aut
410 3985 493 4050 foliis
512 3997 565 4050 aut
583 3985 731 4050 mollibus
748 3984 879 4050 incubat
895 3983 1016 4062 herbis3

1 4123 2 4126 ,
36 4112 43 4127 -.
102 4091 153 4145 212
170 4092 266 4156 22022
283 4070 361 4158 legit
378 4070 479 4137 flores·
519 4085 550 4137 et
567 4082 643 4138 tunc
661 4093 788 4156 quoque
806 4070 886 4137 forte
903 4070 1041 4158 legebat,
