2574 4478
243 248 304 314 136
574 259 607 316 Ρ.
626 262 750 318 OVIDII
767 256 929 318 NASONIS

241 385 338 470 stipes
355 394 435 460 erat,
454 407 564 468 quem,
583 407 655 450 cum
673 396 782 470 partus
800 385 893 449 enixa
909 385 1026 450 iaceret

241 470 402 547 Thestias,
420 471 452 535 in
469 473 630 536 flammam
646 471 783 556 triplices
801 493 934 555 posuere
952 492 1090 547 sorores;

240 556 437 640 staminaque
453 557 606 641 impresso
623 556 732 621 fatalia
749 557 861 641 pollice
878 567 989 621 nentes

241 643 410 727 ‘tempora’
430 643 575 707 dixerunt
593 641 719 707 ‘eadem
736 642 887 726 lignoque
904 641 1035 725 tibique,

173 747 223 796 455
242 750 261 792 o
277 728 373 791 modo
390 739 478 804 nate,
497 727 627 792 damus?
672 749 735 811 quo
752 738 921 812 postquam
939 726 1077 792 carmine
1094 727 1178 794 dicto

241 835 403 878 excessere
421 813 513 890 deae,
530 814 717 898 flagrantem
733 823 835 877 mater
851 812 892 876 ab
909 812 984 897 igne

242 899 357 983 eripuit
373 921 496 962 ramum
513 898 689 983 sparsitque
705 897 899 981 liquentibus
916 897 1020 962 undis.

241 983 294 1048 ille
313 984 367 1046 diu
384 984 487 1049 fuerat
504 984 717 1068 penetralibus
735 983 861 1048 abditus
878 983 959 1060 imis,

242 1080 450 1151 servatusque
465 1080 552 1146 tuos,
568 1069 706 1145 iuvenis,
724 1080 904 1135 servaverat
921 1090 1030 1133 annos.

174 1175 225 1225 460
241 1155 371 1239 protulit
387 1155 472 1219 hunc
489 1155 632 1240 genetrix
650 1154 821 1238 taedasque
840 1165 872 1220 et
888 1154 1046 1240 fragmina
1062 1153 1140 1240 poni

241 1240 390 1325 imperat,
408 1251 439 1305 et
457 1240 566 1326 positis
584 1240 726 1305 inimicos
745 1240 893 1305 admovet
909 1240 1009 1326 ignes.

242 1337 311 1390 tum
328 1336 441 1390 conata
457 1336 570 1408 quater
586 1326 720 1390 flammis
737 1326 898 1410 imponere
914 1348 1048 1401 ramum,

242 1421 354 1559 coepta
372 1422 483 1494 quater
500 1411 609 1476 tenuit.
652 1434 696 1496 pu
743 1423 797 1475 ant
813 1422 977 1494 materque
994 1430 1156 1494 sororque,

243 1507 274 1561 et
313 1496 415 1560 iversa
433 1496 561 1561 trahunt
577 1519 677 1560 unum
717 1518 758 1561 uo
774 1496 903 1561 nomina
920 1507 1040 1581 pectus.

139 1629 140 1632 =
174 1603 224 1652 465
243 1604 336 1666 saepe
353 1593 441 1647 metu
458 1583 582 1648 sceleris
601 1582 763 1667 pallebant
779 1604 835 1648 ora
851 1581 964 1646 futuri:

243 1690 337 1752 saepe
355 1690 448 1731 suum
465 1668 591 1734 fervens
609 1667 707 1732 oculis
725 1667 821 1732 dabat
836 1667 884 1731 ira
901 1667 1058 1732 ruborem.

243 1763 275 1816 et
291 1753 385 1816 modo
403 1753 509 1818 nescio
526 1753 602 1836 quid
620 1753 730 1817 similis
748 1752 874 1818 crudele
891 1753 1024 1817 minanti

243 1838 348 1902 vultus
366 1849 446 1915 erat,
464 1839 558 1903 modo
576 1861 671 1923 quem
688 1838 828 1904 misereri
846 1838 972 1903 credere
990 1859 1109 1921 posses.

244 1945 379 2007 cumque
397 1924 483 1989 ferus
501 1925 645 1990 lacrimas
664 1924 759 1988 animi
777 1925 950 1988 siccaverat
967 1924 1070 1998 ardor,

175 2030 226 2080 470
243 2008 482 2074 inveniebantur
498 2009 645 2074 lacrimae
663 2021 778 2075 tamen.
822 2020 919 2092 utque
937 2009 1053 2085 carina,

244 2117 339 2178 quam
356 2105 469 2159 ventus
487 2106 641 2179 ventoque
659 2095 742 2180 rapit
759 2095 930 2160 contrarius
949 2105 1065 2170 aestus,

243 2181 308 2243 vim
325 2181 483 2265 geminam
501 2181 596 2246 sentit
612 2191 764 2266 paretque
781 2181 901 2245 incerta
918 2181 1057 2244 duobus:

243 2265 390 2330 Thestias
409 2267 494 2331 haud
512 2268 601 2331 aliter
619 2266 723 2330 dubiis
741 2265 907 2331 affectibus
925 2276 1008 2331 errat

243 2350 340 2434 inque
357 2352 442 2417 vices
459 2352 548 2437 ponit
564 2352 761 2437 positamque
778 2351 944 2417 resuscitat
958 2352 1048 2415 iram.

176 2460 226 2508 475
243 2437 353 2522 incipit
371 2460 439 2502 esse
457 2448 562 2502 tamen
579 2437 690 2503 melior
706 2459 858 2522 germana
874 2448 1015 2522 parente,

245 2534 276 2588 et
293 2523 544 2608 consanguineas
560 2535 597 2587 ut
614 2524 767 2608 sanguine
784 2522 881 2588 leniat
896 2523 1036 2597 umbras,

243 2607 404 2692 impietate
422 2610 475 2693 pia
492 2620 549 2674 est.
592 2632 666 2673 nam
683 2619 851 2693 postquam
868 2608 997 2692 pestifer
1013 2606 1098 2691 ignis

245 2694 417 2770 convaluit,
437 2701 547 2778 ‘rogus
564 2694 623 2758 iste
641 2704 758 2758 cremet
774 2715 846 2758 mea
863 2693 997 2758 viscera’
1016 2691 1104 2755 dixit

244 2790 343 2863 utque
361 2802 457 2842 manu
476 2780 543 2843 dira
560 2780 681 2863 lignum
698 2779 794 2843 fatale
811 2778 948 2854 tenebat,

177 2887 228 2938 480
245 2877 317 2929 ante
336 2866 525 2949 sepulcrales
542 2864 652 2929 infelix
669 2864 766 2928 astitit
783 2887 864 2940 aras,

246 2957 254 2986 ‘
283 2951 510 3034 oenarum'que
528 2950 620 3015 ‘deae
638 2949 789 3034 triplices,
807 2948 993 3025 furialibus‚’
1012 2947 1116 3032 inquit

244 2973 470 3111 ‘llumenidem
489 3035 585 3100 sacris
602 3036 708 3100 vultus
726 3034 878 3100 advertite
896 3044 1024 3098 vestros.

244 3122 379 3185 ulciscor
396 3121 540 3204 facioque
558 3120 661 3186 nefas:
679 3143 763 3185 mors
781 3129 881 3184 morte
898 3120 1015 3204 pianda
1032 3129 1094 3184 est:

244 3207 277 3271 in
295 3207 397 3271 scelus
415 3206 596 3271 addendum
613 3208 715 3271 scelus
733 3217 795 3282 est,
812 3206 845 3269 in
862 3205 974 3270 funera
991 3205 1103 3269 funus:

177 3314 227 3366 485
244 3315 302 3378 per
319 3304 520 3357 coacervatos
538 3302 647 3376 pereat
664 3291 776 3356 domus
793 3291 892 3375 impia
907 3291 1020 3355 luctus.

245 3403 286 3442 an
304 3378 380 3442 felix
398 3376 529 3443 Oeneus
546 3389 620 3441 nato
638 3377 755 3442 victore
772 3375 903 3452 fruetur,

244 3464 395 3528 Thestius
413 3463 508 3527 orbus
526 3463 602 3528 erit?
636 3463 748 3527 melius
765 3462 914 3547 lugebitis
932 3461 1036 3526 ambo.

244 3571 301 3615 vos
320 3550 424 3626 modo,
443 3548 573 3613 fraterni
590 3548 704 3612 Manes
723 3548 909 3630 animaeque
926 3558 1078 3622 recentes,

245 3635 385 3700 officium
404 3634 515 3700 sentite
532 3656 653 3709 meum,
671 3653 850 3718 magnoque
868 3643 994 3717 paratas

179 3743 228 3794 490
246 3721 378 3806 aecipite
395 3720 538 3795 inferias,
556 3720 637 3784 uteri
654 3720 738 3783 mala
754 3719 889 3804 pignora
905 3717 1013 3781 nostri.
1031 3754 1074 3764 —

247 3807 276 3872 ei
293 3805 384 3870 mihil
412 3827 475 3889 quo
492 3805 615 3890 rapior?
640 3803 766 3881 fratres,
784 3803 937 3888 ignoscite
954 3802 1061 3867 matril

247 3891 396 3957 deficiunt
413 3892 454 3955 ad
472 3903 584 3976 coepta
600 3912 722 3954 manus.
765 3889 917 3954 meruisse
934 3887 1071 3953 fatemur

246 3978 350 4053 illum,
368 3998 425 4041 cur
441 3988 562 4061 pereat:
582 3976 689 4040 mortis
707 3974 784 4039 mihi
801 3973 946 4059 displicet
963 3984 1082 4038 auctor.

65 4060 68 4063 ¹
116 4101 150 4199 ις
174 4096 186 4143 ;
247 4084 324 4151 ergo
341 4061 469 4148 impune
487 4062 581 4140 feret,
599 4061 752 4145 vivusque
771 4070 801 4127 et
819 4060 920 4126 victor
936 4069 968 4124 et
984 4060 1054 4144 ipso
