2574 4478
267 272 634 332 uaranoarnosaon
650 274 722 329 ma.
741 275 791 331 rr.
810 239 953 328 isi-au.
1076 257 1116 323 01

95 397 210 462 mundi
227 398 347 462 oculus.
373 399 465 476 mihi,
484 400 590 475 crede,
608 398 745 484 places.'’
771 407 866 482 pavet
882 395 950 474 illa,
968 405 1117 480 metuque

95 499 128 548 et
146 484 235 549 colus
253 494 283 548 et
299 484 390 549 fusus
408 485 514 570 digitis
533 485 674 549 cecidere
690 484 837 548 remissis.

95 572 166 655 ipse
183 569 277 633 timor
294 569 413 634 decuit:
431 593 491 636 nec
507 571 633 652 longius
651 570 704 635 ille
720 579 861 633 moratus
1136 586 1187 636 280

95 656 130 719 in
148 678 258 720 veram
274 655 365 720 rediit
384 655 521 738 speciem
540 657 729 737 solitumque
746 655 889 719 nitorem.

96 754 131 805 at
149 741 255 826 virgo,
273 744 418 824 quamvis
435 743 564 825 inopino
581 742 689 805 territa
705 741 787 815 visu,

95 827 184 891 victa
199 826 300 890 nitore
318 826 369 891 dei
385 827 489 912 posita
505 827 571 890 vim
587 848 681 911 passa
698 825 826 908 querela
843 834 901 890 est

96 911 212 976 invidit
229 909 335 996 Clytie
351 910 469 995 (neque
487 912 571 976 enim
588 911 769 976 moderatus
786 911 818 975 in
835 911 890 974 illa

97 997 185 1064 Solis
203 1019 291 1060 amor
307 997 426 1082 fuerat)
443 997 665 1080 stimulataque
683 997 812 1081 paelicis
829 998 877 1061 ira
1137 1012 1186 1061 235

97 1085 211 1168 vulgat
228 1082 432 1159 adulterium,
451 1082 712 1164 diffamatumque
729 1081 852 1168 parenti

96 1169 227 1233 indicat.
271 1168 323 1232 ille
340 1168 431 1233 ferox
456 1166 675 1232 inmansuetus
698 1189 740 1232 ue
756 1175 939 1252 precantem

97 1254 344 1336 tendentemque
360 1276 473 1317 manus
491 1253 531 1317 ad
548 1253 669 1317 lumina
678 1189 769 1317 qSolis
788 1262 820 1318 et
837 1252 915 1317 “ille

97 1340 164 1404 vim
182 1339 254 1403 tulit
269 1338 411 1403 invitae'’
430 1338 586 1403 dicentem
604 1338 724 1404 defodit
740 1339 805 1402 alta

98 1424 217 1490 crudus
235 1423 347 1501 humo,
365 1424 587 1507 tumulumque
604 1447 700 1509 super
716 1425 822 1509 gravis
841 1422 928 1488 addit
946 1422 1092 1487 harenae.
1138 1441 1204 1489 040·

98 1511 231 1593 dissipat
249 1509 334 1574 huno
350 1509 447 1573 radiis
464 1510 649 1594 Hyperione
666 1521 759 1574 natus
776 1511 898 1592 iterque

99 1597 155 1660 dat
171 1595 244 1671 tibi,
262 1615 325 1678 quo
341 1595 443 1681 possis
462 1595 603 1659 defossos
621 1617 766 1681 promere
783 1596 903 1659 vultus:

98 1703 159 1746 nec
175 1691 211 1745 tu
228 1680 293 1744 iam
309 1691 435 1765 poteras
453 1691 598 1745 enectum
616 1681 755 1765 pondere
772 1691 873 1746 terrae

98 1767 223 1843 tollere,
241 1766 397 1851 nympha,
415 1777 524 1850 caput,
542 1788 721 1850 corpusque
739 1789 884 1850 exangue
901 1766 1038 1831 iacebas.

98 1854 143 1917 nil
160 1853 216 1916 illo
233 1851 333 1915 fertur
349 1851 513 1916 voluerum
529 1853 708 1916 moderator
725 1873 879 1935 equorum
1139 1870 1187 1918 245

98 1949 172 2024 post
189 1936 425 2001 Phaethonteos
442 1937 560 2002 vidisse
578 1937 734 2002 dolentius
751 1938 852 2022 ignes.

98 2024 152 2088 ille
170 2022 300 2106 quidem
317 2021 439 2107 gelidos
456 2023 617 2086 radiorum
634 2023 755 2088 viribus
773 2034 869 2097 artus,

99 2110 126 2174 si
145 2119 255 2191 queat,
272 2108 304 2171 in
322 2108 430 2172 vivum
449 2119 582 2192 temptat
598 2130 747 2173 revocare
765 2111 915 2174 calorem:

99 2196 157 2259 sed
175 2193 325 2276 quoniam
342 2193 436 2257 tantia
454 2193 555 2257 fatum
573 2194 738 2258 conatibus
756 2195 869 2270 obstat,

98 2290 227 2344 nectare
245 2278 375 2342 odorato
394 2278 505 2363 sparsit
523 2300 700 2364 corpusque
716 2280 895 2362 locumque,
1140 2301 1189 2348 250

98 2366 263 2446 multaque
281 2376 488 2448 praequestus
508 2371 643 2450 “tanges
661 2378 767 2429 tamen
785 2364 936 2429 aethera’'
955 2364 1043 2429 dixit.

98 2449 245 2535 protinus
262 2449 419 2513 imbutum
437 2450 564 2514 caelesti
581 2461 708 2515 nectare
726 2473 840 2536 corpus

100 2536 225 2600 dilicuit
246 2544 425 2617 terramque
443 2556 501 2599 suo
518 2536 686 2600 madefecit
704 2536 809 2610 odore,

98 2625 254 2705 virgaque
271 2641 328 2703 per
344 2620 474 2704 glaebas
492 2621 608 2684 sensim
625 2621 784 2686 radicibus
802 2622 879 2686 actis
1173 2685 1176 2692 .

98 2719 191 2772 turea
208 2705 343 2768 surrexit
359 2707 579 2789 tumulumque
597 2708 760 2773 cacumine
776 2709 870 2792 rupit.
1139 2730 1188 2778 055

143 2792 191 2854 At
209 2788 351 2874 Clytien,
370 2792 514 2873 quamvis
531 2814 620 2856 amor
637 2815 788 2858 excusare
806 2794 947 2858 dolorem
1079 2810 1189 2878 (Clytie.)

97 2876 315 2958 indiciumque
332 2877 421 2940 dolor
437 2888 573 2962 poterat,
591 2900 655 2943 non
672 2879 807 2964 amplius
826 2892 935 2943 auctor

98 2963 180 3028 lucis
198 2962 264 3025 adit
281 2962 479 3046 Venerisque
496 2963 626 3027 modum
644 2964 705 3028 sibi
722 2965 796 3030 fecit
815 2965 847 3028 in
864 2966 929 3028 illa.

99 3046 203 3113 tabuit
221 3069 262 3111 ex
278 3046 332 3111 illo
350 3047 512 3112 dementer
528 3049 687 3113 amoribus
705 3073 773 3126 usa,

98 3133 313 3218 nympharum
330 3133 507 3217 impatiens,
515 3145 546 3198 et
563 3134 623 3198 sub
640 3136 717 3200 love
734 3148 827 3201 nocte
846 3137 960 3219 dieque
1139 3159 1188 3208 260

99 3219 184 3284 sedit
199 3219 297 3282 humo
314 3219 401 3282 nuda
417 3219 511 3282 nudis
528 3219 687 3305 incompta
705 3223 835 3306 capillis,

98 3325 221 3391 perque
238 3325 352 3368 novem
371 3305 458 3368 luces
476 3327 588 3389 expers
606 3307 773 3390 undaeque
791 3308 916 3390 cibique

98 3411 171 3455 rore
188 3411 276 3453 mero
293 3389 493 3472 lacrimisque
511 3391 575 3454 suis
592 3391 710 3456 ieiunia
726 3394 824 3478 pavit,

98 3496 160 3540 nee
178 3497 212 3539 se
229 3474 328 3538 movit
345 3474 453 3538 humo.
496 3486 620 3539 tantum
637 3479 800 3562 spectabat
819 3478 921 3544 euntis

98 3583 158 3626 ora
175 3560 241 3636 dei,
258 3561 427 3643 vultusque
445 3583 518 3624 suos
536 3562 682 3626 flectebat
699 3564 740 3627 ad
756 3565 856 3628 illum.
1138 3587 1187 3637 265

96 3645 245 3711 membra
261 3645 366 3710 ferunt
383 3646 522 3712 haesisse
540 3648 621 3723 solo,
639 3659 824 3734 partemque
842 3650 954 3715 coloris

98 3731 223 3798 luridus
241 3754 403 3817 exangues
420 3733 521 3816 pallor
538 3734 691 3797 convertit
708 3735 741 3798 in
758 3734 886 3799 herbas:

101 3817 200 3884 estin
217 3828 307 3901 parte
323 3817 431 3893 rubor,
448 3817 612 3901 violaeque
631 3820 806 3883 simillimus
824 3843 880 3885 ora

100 3904 159 3968 flos
178 3902 267 3987 tegit.
310 3901 364 3966 illa
381 3925 488 3979 suurn,
507 3904 651 3987 quamvis
668 3905 774 3970 radice
792 3918 925 3985 tenetur,

100 3988 235 4054 vertitur
252 3987 293 4051 ad
311 3985 420 4054 Solem
438 3999 621 4071 mutataque
638 4001 741 4055 servat
759 3994 919 4060 amorem?
1138 4016 1188 4066 are

143 4072 296 4152 Dixerat,
313 4084 343 4140 et
361 4073 481 4140 sactum
498 4074 640 4143 mirabile
658 4089 782 4164 ceperat
801 4101 902 4145 aures.
1036 4096 1188 4166 Minyeides.

1216 321 1230 396 l
