2574 4478
172 220 214 285 82
521 231 553 285 Ρ.
573 230 697 288 OVIDII
714 228 876 287 NASONIS

171 355 330 420 Trinacris
348 366 380 421 et
395 354 519 440 magnis
537 355 714 419 subiectum
731 354 867 418 molibus
885 362 977 438 urget

172 442 327 507 aetherias
345 464 457 505 ausum
475 463 601 526 sperare
619 440 773 525 Typhoea
791 440 891 503 sedes.

171 528 280 591 nititur
296 527 350 592 ille
367 527 496 609 quidem
513 536 697 612 pugnatque
715 547 879 610 resurgere
898 547 1007 610 saepes

103 635 154 684 850
172 614 283 678 dextra
301 612 357 677 sed
374 611 518 675 Ausonio
536 634 648 675 manus
666 621 714 675 est
732 610 873 675 subiecta
890 610 1015 686 Peloro,

171 700 276 774 laeva,
293 697 461 782 Pachyne,
479 697 551 761 tibi:
569 696 726 782 Lilybaeo
744 719 836 761 crura
852 707 1053 780 premuntur:

172 784 325 868 degravat
342 783 448 846 Aetna
465 794 570 867 caput.
614 782 673 845 sub
691 804 755 864 qua
772 782 938 867 resupinus
955 781 1090 846 harenas

172 869 285 934 eiectat
302 869 525 950 flammamque
532 867 728 932 feroxvomit
745 889 798 932 ore
816 866 1000 952 Typhoeus.

173 976 267 1039 saepe
284 953 421 1018 remoliri
438 954 576 1017 luctatur
592 952 732 1037 pondera
748 963 849 1017 terrae

105 1062 155 1112 355
173 1039 353 1188 oppidaque
371 1050 402 1103 et
419 1060 552 1123 magnos
570 1037 737 1103 devolvere
756 1059 885 1123 corpore
902 1046 1036 1103 montes.

171 1125 206 1190 in
229 1148 247 1190 e
264 1125 369 1189 tremit
386 1125 492 1200 tellus,
512 1134 542 1188 et
559 1146 615 1187 rex
632 1134 727 1208 pavet
743 1123 811 1209 ipse
829 1123 987 1199 silentum,

172 1234 213 1276 ne
230 1221 338 1295 pateat
354 1210 481 1291 latoque
500 1208 600 1273 solum
610 1219 779 1294 ¹retegatur
795 1209 894 1285 hiatu,

173 1296 396 1378 immissusque
414 1296 480 1359 dies
498 1294 690 1378 trepidantes
708 1306 823 1359 terreat
840 1293 979 1357 umbras.

172 1382 255 1446 hanc
271 1393 415 1445 metuens
433 1379 554 1444 cladem
572 1380 738 1444 tenebrosa
755 1380 829 1444 sede
847 1390 1000 1464 tyrannus

105 1490 157 1541 860
175 1467 307 1542 exierat,
326 1487 482 1548 curruque
500 1475 639 1528 atrorum
657 1476 765 1530 vectus
783 1486 937 1548 equorum

173 1552 315 1617 ambibat
333 1550 459 1617 Siculae
477 1563 587 1615 cautus
605 1550 791 1614 fundamina
808 1562 920 1615 terrae.

173 1648 341 1724 postquam
359 1637 555 1721 exploratum
573 1637 648 1700 satis
666 1648 724 1713 est,
741 1637 811 1701 loca
827 1636 915 1700 nulla
932 1636 1051 1720 labare,

174 1723 492 1808 depositiquemetus,
516 1721 601 1786 videt
620 1721 705 1786 hunc
722 1721 862 1807 Erycina
879 1734 1049 1806 vagantem

172 1819 280 1873 monte
297 1829 354 1872 suo
371 1807 522 1883 residens,
539 1817 712 1889 natumque
730 1808 876 1893 amplexa
892 1808 1052 1872 volucrem

106 1915 156 1966 ³65
174 1899 205 1931 ‘⁶‘
211 1916 299 1957 arma
315 1914 491 1975 manusque
508 1914 612 1968 meae,
630 1915 715 1968 mea,
733 1905 820 1970 nate,
860 1892 1018 1968 otentia,”’
1038 1893 1128 1970 dixit,

174 1980 278 2055 “‘illa,
296 1977 411 2061 quibus
429 2000 559 2063 superas
577 1998 700 2053 omnes,
719 2000 797 2063 cape
815 1916 891 2055 teia,
910 1975 1047 2063 Cupide,

172 2065 269 2147 inque
287 2064 339 2128 dei
355 2073 466 2148 pectus
484 2063 601 2127 celeres
619 2063 728 2128 molire
747 2064 887 2149 sagittas,

176 2151 228 2215 cui
245 2149 375 2235 tripHcis
393 2149 487 2213 cessit
503 2147 631 2213 fortuna
647 2149 818 2213 novissima
834 2149 934 2235 regni.

173 2248 209 2300 tu
227 2257 357 2320 superos
374 2234 543 2320 ipsumque
560 2234 685 2312 Iovem,
703 2247 738 2299 tu
755 2235 886 2298 numina
902 2233 991 2320 ponti

107 2341 157 2392 370
175 2321 259 2385 victa
275 2321 385 2384 domas
402 2321 584 2405 ipsumque,
602 2320 684 2405 regit
701 2321 756 2404 qui
772 2321 903 2384 numina
919 2319 1018 2405 ponti.

174 2407 308 2471 Tartara
325 2405 402 2489 quid
419 2405 561 2470 cessant?
579 2427 636 2470 cur
652 2429 715 2470 non
733 2405 904 2489 matrisque
921 2420 1075 2490 tuumque

174 2493 342 2578 imperium
358 2490 501 2576 profers?
518 2491 624 2577 agitur
640 2514 713 2577 pars
731 2491 823 2556 tertia
839 2492 959 2555 mundi.

175 2588 331 2642 ettamen
347 2576 380 2640 in
399 2577 498 2654 caele,
516 2598 598 2661 quae
615 2577 679 2640 iam
697 2577 848 2662 patientia
865 2587 972 2641 nostra
990 2588 1048 2655 est,

176 2663 362 2748 spernimur,
381 2683 418 2725 ac
435 2684 561 2727 mecum
578 2662 660 2726 vires
677 2663 863 2727 minuuntur
879 2662 1018 2727 Amoris.

108 2768 158 2818 875
175 2747 310 2812 Pallada
326 2768 431 2811 nonne
448 2748 537 2812 vides
553 2748 830 2831 iaculatricemque
848 2747 988 2812 Dianam

175 2833 364 2898 abscessisse
380 2832 477 2896 mihi?
503 2830 628 2898 Cereris
646 2854 772 2917 quoque
789 2835 853 2898 filia
871 2834 971 2918 virgo,

175 2920 203 2984 si
219 2919 385 3004 patiemur,
404 2918 472 2983 erit.
515 2941 590 2982 nam
607 2941 679 3004 spes
697 2919 823 2984 affectat
841 2919 978 2984 easdem.

175 3015 208 3069 at
225 3016 260 3068 tu
265 3051 274 3081 ,
292 3024 349 3088 pro
367 3003 466 3079 socio,
485 3002 511 3067 si
529 3024 593 3087 qua
610 3016 659 3069 est
675 3028 713 3069 ea
729 3005 845 3090 gratia,
862 3027 973 3090 regne,

174 3089 271 3175 iunge
289 3089 382 3153 deam
398 3088 551 3174 patruum
595 3089 674 3154 dixit
690 3091 811 3156 Venus.
854 3090 907 3156 ille
923 3091 1102 3176 pharetram

108 3196 158 3245 880
176 3176 270 3240 solvit
286 3185 318 3239 et
335 3174 463 3238 arbitrio
480 3175 590 3239 matris
606 3176 646 3241 de
663 3176 749 3240 mille
767 3177 888 3261 sagittis

175 3284 271 3325 unam
290 3259 443 3344 seposuit,
461 3260 517 3324 sed
535 3280 599 3343 qua
615 3283 674 3327 nec
691 3262 813 3326 acutior
828 3262 894 3326 ulla

174 3368 234 3411 nec
251 3346 355 3410 minus
373 3345 493 3410 incerta
510 3356 558 3410 est
582 3369 640 3412 nec
665 3367 747 3430 quae
764 3347 866 3433 magis
884 3348 993 3412 audiat
1011 3371 1112 3414 arcus.

175 3431 383 3517 oppositoque
400 3453 485 3517 genu
503 3433 646 3496 curvavit
662 3432 765 3496 flexile
784 3455 915 3498 comum

176 3517 273 3599 inque
290 3538 345 3581 cor
361 3516 489 3580 hamata
506 3517 661 3602 percussit
678 3518 852 3583 harundine
871 3518 989 3583 Ditem.

109 3624 159 3673 885
219 3602 318 3665 Haud
335 3603 444 3686 procul
462 3603 624 3667 Hennaeis
641 3603 729 3666 lacus
747 3614 794 3668 est
812 3627 831 3667 a
848 3605 1013 3668 moenibus
1032 3605 1125 3683 altae,

175 3688 301 3751 nomine
318 3686 458 3772 Pergus,
476 3709 588 3772 aquae.
630 3709 694 3752 non
712 3688 765 3752 illo
782 3689 874 3789 plura
891 3687 1043 3773 Caystros

176 3772 315 3838 carmina
332 3794 504 3858 cycnorum
520 3772 698 3838 labentibus
717 3775 805 3839 audrt
822 3775 855 3837 in
872 3775 975 3838 undis.

176 3858 256 3923 silva
273 3868 402 3922 coronat
419 3880 517 3940 aquas
536 3858 665 3942 cingens
682 3859 764 3923 latus
782 3881 884 3935 omne,
903 3861 1032 3944 suisque

176 3943 342 4007 frondibus
359 3954 395 4007 ut
411 3944 482 4008 velo
499 3943 666 4008 Phoebeos
684 3957 860 4009 summovet
882 3945 974 4009 ictus.

110 4049 159 4100 ⁸90
176 4029 295 4115 frigora
313 4028 389 4096 dant
406 4030 500 4110 rami,
518 4030 621 4097 varios
638 4029 753 4098 humus
771 4030 878 4098 umida
894 4031 1001 4098 flores:
