2574 4478
174 210 235 278 110
507 225 541 280 Ρ.
560 225 683 282 OVIDII
700 224 861 283 NASONIS

172 370 231 415 neo
249 347 331 413 sinat
346 345 408 412 hoo
425 348 562 448 Hecate,
580 371 639 414 nec
657 360 692 413 tu
709 351 790 434 petis
808 372 919 432 aequa.
964 347 1046 414 sed
1036 357 1107 428 isto,

106 457 154 504 175
173 434 258 519 quod
275 457 314 520 pe
316 433 369 510 tis,
388 434 532 534 experiar
549 434 650 499 maius
669 435 744 500 darc
761 458 891 512 munus,
908 435 1015 500 Iason.

172 532 238 586 arte
255 543 326 585 mea
343 541 444 584 socen
434 519 622 621 longumt
623 531 708 606 empt
696 521 833 585 tabimus
851 543 976 598 aevum,

171 630 235 671 non
253 605 343 670 annis
360 627 512 670 renovare
530 605 606 670 tuis·
624 606 718 670 modo
736 607 810 671 diva
826 606 975 720 triformis

172 692 300 757 adiuvet
287 702 349 757 tet
364 713 513 777 praeseus
530 690 712 776 ingentibus
730 692 849 758 adnuat
836 692 970 757 tausis?

171 789 234 843 tres
252 777 384 843 aberant
400 788 522 854 noctes,
540 787 577 841 ut
594 799 711 842 cornua
728 789 795 843 tota
812 778 931 843 coirent

105 885 155 935 180
172 863 333 929 efficerent
320 872 395 947 tque
412 863 531 928 orbem.
574 874 741 964 postquam
758 864 938 949 plenissima
955 863 1043 929 fulsit

172 948 320 1014 etsolida
337 960 435 1013 terras
453 949 608 1034 spectavit
624 948 766 1049 imagine
779 951 865 1026 luna,

172 1034 332 1120 egreditar
293 1045 411 1100 urtteo
411 1033 438 1098 is
455 1045 559 1100 vestes
576 1035 688 1100 induta
704 1034 822 1101 recinet
823 1058 868 1111 as,

171 1121 257 1186 nuda
274 1121 402 1206 pedem,
420 1119 523 1184 nudos
540 1119 657 1185 umeris
673 1120 780 1186 infusa
797 1121 936 1205 capillos,

171 1207 296 1290 fertque
315 1227 414 1292 vagos
431 1205 555 1271 mediae
572 1217 735 1291 permuta
753 1206 875 1271 silentia
892 1205 992 1271 noctis

105 1313 152 1363 185
170 1292 351 1357 incomitata
368 1292 497 1393 gradus
539 1291 682 1356 homines
699 1291 906 1374 volucresque
923 1291 1072 1376 ferasque

171 1378 307 1442 solverat
324 1378 387 1442 alta
404 1378 508 1461 quies:
525 1378 659 1442 nullost
646 1387 715 1442 tant
732 1400 892 1442 murmure
911 1400 1036 1463 saepes:

169 1464 381 1547 immotaeque
399 1462 492 1528 silent
479 1463 650 1540 tfrondes‚
669 1463 739 1529 silet
754 1462 904 1527 humidus
923 1468 989 1527 ae'r:

98 1597 99 1600 ,
171 1549 274 1614 sidera
291 1550 358 1613 sola
374 1547 501 1613 micant.
479 1548 586 1612 tad
604 1569 686 1632 quae
704 1571 761 1613 sua
778 1547 926 1613 bracchia
943 1550 1077 1615 tendens

170 1644 218 1700 ter
235 1657 269 1699 se
286 1633 484 1710 convertit,t
485 1657 520 1698 er
536 1633 668 1718 sumptis
685 1633 815 1699 flumine
833 1633 951 1698 crinem

104 1740 153 1789 190
169 1719 320 1784 inroravit
337 1718 428 1803 aquis
445 1719 603 1802 ternisque
621 1719 793 1784 ululatibus
811 1741 867 1783 ora

171 1804 278 1882 solvit,
296 1805 377 1870 etin
395 1805 475 1869 dura
492 1805 658 1869 summisso
676 1805 825 1890 poplitet
826 1827 896 1870 erra

171 1891 262 1954 ‘’nox
280 1889 351 1954 ait‘
356 1889 477 1954 arcanis
494 1889 660 1967 fidissima,
678 1911 823 1974 quaeque
842 1889 962 1956 diurnis

171 1999 267 2041 aurea
284 1997 357 2040 cum
372 1975 450 2040 luna
467 1975 634 2041 succeditis
651 1975 793 2076 ignibus,
811 1985 860 2039 ast
860 1999 914 2076 ra,-

170 2072 268 2145 tuque
286 2061 401 2147 triceps
418 2061 555 2137 Hecate,
573 2082 655 2143 quae
673 2072 765 2146 coept
765 2061 792 2125 is
810 2061 936 2126 conscia
952 2063 1068 2128 nostris

104 2164 152 2214 195
171 2146 371 2231 adiutrixque
399 2146 488 2211 venis
510 2156 683 2229 cantusque
710 2148 847 2230 artisque
864 2168 1041 2232 magorum,

169 2254 314 2317 quaeque
331 2253 456 2318 magos,
471 2232 598 2332 Tellus,
615 2231 831 2317 pollentibus
822 2233 949 2297 mstruis
967 2232 1084 2311 herbis,

170 2339 329 2402 auraeque
346 2328 378 2383 et
394 2317 481 2383 venti
497 2328 683 2401 montesque
701 2338 872 2401 amnesque
889 2318 1053 2401 lacusque,

170 2404 264 2488 dique
283 2425 392 2469 omnes
409 2424 574 2468 nemorum
593 2403 687 2504 dique
705 2425 814 2469 omnes
831 2403 946 2479 noctis,
965 2404 1086 2470 adestel

168 2511 303 2590 quorum
321 2511 395 2574 ope,
413 2511 487 2554 cum
504 2488 647 2566 volui,
622 2489 697 2573 ripis
715 2488 901 2552 mirantibus
919 2512 1028 2554 amnes

103 2595 152 2644 200
169 2575 203 2639 in
220 2575 323 2640 fontes
340 2573 462 2640 rediere
481 2596 569 2638 suos:
588 2596 805 2657 concussaque
823 2574 908 2649 sisto,

169 2660 284 2724 stantia
302 2660 447 2725 concutio
465 2670 560 2724 cantu
578 2660 639 2724 fret
627 2672 673 2736 ta,
690 2659 800 2723 nubila
816 2660 900 2743 pello

168 2745 340 2828 nubilaque
356 2745 487 2821 induco,
505 2755 615 2809 ventos
634 2744 790 2846 abigoque
808 2767 960 2828 vocoque‚

169 2831 312 2932 vipereas
330 2853 443 2916 mmpo
461 2829 566 2895 verbis
584 2842 616 2895 et
633 2830 771 2895 carmine
788 2830 907 2907 fauces,

169 2916 306 3001 vivaque
323 2939 400 2981 saxa
416 2938 475 2980 sua
492 2916 705 3000 convulsaque
722 2916 866 2980 roborat
853 2926 937 2981 terra

103 3023 151 3072 205
169 3014 201 3067 et
218 3002 313 3067 silvas
330 3023 457 3078 moveo,
475 3001 633 3086 iubeoque
648 3013 836 3102 tremescere
852 3013 974 3066 montes

169 3088 341 3173 etmugire
360 3088 462 3152 solum
479 3087 657 3171 Manesque
675 3087 760 3152 exire
778 3087 941 3172 sepulcris

170 3184 201 3238 te
219 3194 358 3257 quoque,
377 3172 487 3250 Luna,
505 3173 610 3250 traho,
628 3174 772 3256 quamvis
790 3173 964 3273 Temesaea
981 3173 1106 3242 labores

170 3281 244 3324 aera
261 3269 332 3323 tuos
350 3258 507 3336 minuant3
526 3280 635 3323 currus
654 3280 781 3343 quoque
798 3258 936 3358 carmine
954 3271 1061 3324 nostro

169 3345 266 3430 pallet
284 3344 349 3421 avi,
366 3345 464 3429 pallet
481 3355 552 3408 nost
553 3345 596 3408 ris
540 3345 741 3408 tAurora
757 3343 896 3409 venenis.

103 3451 152 3500 210
169 3454 226 3495 vos
243 3430 351 3494 mihit
338 3440 501 3494 taurorum
518 3430 661 3495 flammas
679 3429 898 3494 hebetastiset
886 3441 997 3493 tuneo

169 3516 335 3601 impatiens
354 3514 456 3580 oneris
474 3516 590 3580 collum
607 3515 763 3600 pressistis
781 3525 894 3579 aratro.

170 3623 226 3665 vos
245 3600 471 3687 serpentigenis
489 3601 523 3665 in
539 3623 574 3666 se
591 3601 659 3667 fera
676 3601 759 3665 bella
776 3600 888 3665 dedist
867 3612 906 3663 trs

171 3687 396 3770 custodemque
414 3687 525 3751 rudem
544 3685 644 3751 somni
655 3686 850 3786 ,sopistis,et
819 3709 980 3750 eaurum

170 3772 293 3836 vindice
312 3773 423 3856 decept
425 3795 443 3836 o
411 3770 577 3839 tGraias
594 3771 720 3835 misistis
737 3772 771 3835 in
787 3772 891 3835 urbes.

104 3878 151 3926 215
171 3880 256 3922 nunc
274 3879 352 3943 opus
371 3869 419 3922 est
436 3858 533 3935 sucis,
551 3880 609 3942 per
624 3879 704 3940 quos
721 3866 871 3921 renovata
888 3867 1032 3922 senectus

170 3944 203 4008 in
220 3943 330 4008 florem
348 3943 456 4008 redeat
472 3943 653 4043 primosque
669 3943 833 4028 recolligat
849 3963 958 4006 annos

109 4051 114 4057 ·
170 4041 202 4104 et
219 4027 347 4092 dabitisl
365 4049 468 4112 neque
486 4028 569 4094 enim
587 4028 763 4094 micuerunt
751 4028 883 4093 tsidera
900 4028 1028 4106 frustra,
