2574 4478
183 285 552 344 METAMORPHOSEON
569 287 641 341 LIB.
659 287 712 342 ΙΙΙ.
732 286 875 343 css-733.
893 287 943 345 IV.
957 289 1032 344 1-8.
1076 272 1118 339 55

96 411 199 486 vadit,
219 411 274 476 ubi
292 412 409 476 electus
427 412 572 476 facienda
589 413 630 476 ad
648 435 737 476 sacra
756 410 928 477 Cithaeron

96 498 245 562 cantibus
264 509 295 562 et
312 500 396 563 clara
413 498 622 564 bacchantum
640 521 718 563 voce
736 499 877 564 sonabat

95 595 132 648 ut
149 584 258 649 fremit
275 607 348 649 acer
365 606 480 669 equus,
499 604 572 651 oum
589 585 720 650 belhcus
739 608 811 651 aere
828 607 944 649 canoro

97 671 190 754 signa
209 670 296 734 dedit
312 670 455 748 tubicen,
472 692 662 756 pugnaeque
680 671 811 735 assumit
829 693 978 749 amorem,
1138 689 1187 740 705

96 755 244 820 Penthea
262 756 306 820 sic
323 757 404 820 ictus
421 756 525 841 longis
541 757 714 822 ululatibus
732 756 841 821 aether

96 841 212 918 movit,
230 852 262 906 et
279 842 386 907 audito
404 843 540 908 clamore
557 843 720 908 recanduit
736 843 793 906 ira.

97 938 207 993 monte
224 927 290 993 fere
307 928 412 993 medio
431 940 492 1006 est,
511 930 559 993 cin
585 929 709 994 entibus
726 929 837 992 ultima
854 928 951 1005 silvis,

96 1036 198 1098 purus
217 1015 258 1077 ab
276 1014 441 1079 arboribus
460 952 638 1099 spectabilis
656 1014 796 1097 undique
815 1037 955 1100 campus.

96 1099 150 1164 hic
168 1099 268 1164 oculis
284 1101 374 1164 illum
392 1111 572 1165 cernentem
589 1123 678 1165 sacra
695 1101 836 1185 profanis

96 1186 201 1271 prima
219 1186 319 1263 videt,
336 1187 440 1272 prima
457 1196 505 1252 est
522 1187 631 1250 insano
650 1187 772 1251 concita
791 1208 894 1264 cursu,

96 1271 202 1356 prima
220 1294 313 1335 suum
330 1273 429 1336 misso
445 1272 575 1337 violavit
591 1272 736 1337 Penthea
753 1272 862 1357 thyrso

97 1368 210 1421 mater.
255 1357 309 1433 ‘io,
327 1358 488 1443 geminae'
507 1358 664 1436 clamavit,
683 1359 821 1435 ‘adeste,
840 1355 975 1422 sororesl

97 1442 151 1507 ille
171 1465 257 1528 aper,
274 1443 308 1507 in
324 1443 439 1509 nostris
458 1454 540 1508 errat
558 1445 612 1527 qui
629 1444 786 1508 maximus
804 1445 899 1530 agris,

97 1528 151 1593 ille
169 1528 247 1593 mihi
264 1527 424 1594 feriendus
442 1529 538 1614 aper!
580 1529 644 1594 ruit
661 1530 763 1594 omnis
780 1530 813 1594 in
829 1553 930 1594 unum

98 1614 194 1678 turba
211 1614 334 1691 furens3
354 1626 486 1681 cunctae
504 1620 618 1679 co'e'unt
631 1617 851 1702 trepidumque
870 1627 1053 1700 sequuntur,

97 1699 164 1763 iam
181 1700 354 1785 trepidum,
371 1701 435 1765 iam
453 1701 550 1766 verba
567 1701 671 1765 minus
690 1702 828 1765 violenta
843 1701 1034 1784 loquentem,

97 1786 163 1872 iam
182 1809 216 1851 se
235 1787 450 1863 damnantem,
468 1787 533 1850 iam
550 1809 584 1851 se
601 1809 749 1871 peccasse
767 1786 929 1851 fatentem.

99 1871 228 1936 saucius
245 1871 297 1936 ille
315 1882 422 1936 tamen
440 1871 503 1938 ‘fer
520 1895 627 1957 opem,
644 1873 824 1937 matertera'
844 1873 923 1936 dixit

98 1957 276 2022 ‘Autonobl
293 1969 443 2023 moveant
460 1957 581 2022 animos
599 1958 772 2023 Actaeonis
790 1957 941 2022 umbrae?

98 2042 167 2120 illa,
185 2044 258 2125 quis
275 2044 435 2121 Actaeon,
453 2044 553 2109 nescit
572 2043 779 2127 dextramque
796 2043 954 2129 precantis

99 2129 244 2194 abstulit:
262 2129 341 2194 Inoo
359 2130 494 2194 lacerata
514 2140 561 2194 est
578 2130 678 2195 altera
693 2141 796 2215 raptu.

98 2236 164 2279 non
181 2214 278 2280 habet
295 2215 418 2292 infelix,
435 2236 517 2299 quae
534 2216 627 2281 matri
644 2215 791 2280 bracchia
808 2215 929 2280 tendat:

98 2312 214 2366 trunca
231 2302 287 2366 sed
304 2302 471 2366 ostendens
490 2301 627 2367 disiectis
645 2302 777 2366 vulnera
793 2301 954 2380 membris,

99 2387 233 2472 ‘aspice
251 2386 380 2452 materl'
399 2386 451 2451 ait.
495 2387 570 2452 visis
587 2387 720 2451 ululavit
737 2387 853 2472 Agaue

99 2474 245 2556 collaque
262 2472 389 2537 iactavit
406 2474 568 2556 movitque
584 2496 642 2558 per
659 2479 732 2537 ae'ra
750 2473 882 2537 crinem:

99 2559 309 2641 avulsumque
328 2569 423 2644 caput
440 2559 546 2644 digitis
565 2559 730 2644 complexa
747 2559 883 2623 cruentis

99 2646 217 2709 clamat
235 2644 278 2708 ‘io
297 2645 440 2722 comites,
457 2666 537 2730 opus
555 2645 634 2709 haec
652 2645 782 2709 victoria
798 2655 940 2708 nostrum
960 2645 1034 2710 estl’

98 2752 165 2795 non
183 2728 275 2795 citius
293 2729 422 2795 frondes
440 2732 583 2795 autumni
601 2731 718 2816 frigore
735 2740 836 2794 tactas

98 2816 227 2900 iamque
244 2816 327 2881 male
345 2817 509 2881 haerentes
527 2817 590 2881 alta
607 2817 687 2901 rapit
707 2816 818 2881 arbore
836 2827 959 2893 ventus,

99 2924 198 2986 quam
216 2911 289 2966 sunt
305 2901 448 2966 membra
465 2902 525 2966 viri
541 2901 688 2966 manibus
706 2902 829 2986 direpta
845 2902 1000 2967 nefandis.

98 2988 217 3052 talibus
235 2988 387 3072 exemplis
404 2988 541 3052 monitae
559 3010 642 3051 nova
660 3010 749 3052 sacra
766 2988 968 3071 frequentant

98 3084 235 3158 turaque
253 3075 330 3138 dant
347 3085 534 3158 sanctasque
552 3075 660 3138 colunt
676 3074 851 3139 Ismenides
870 3097 949 3138 aras.

452 3345 567 3402 LIBER
584 3344 772 3412 QUARTUS.

96 3503 145 3568 At
162 3525 228 3567 non
245 3501 393 3569 Alcithoe
410 3503 569 3589 Minye'r'as
588 3504 677 3589 orgia
695 3515 802 3570 censet
1036 3519 1185 3589 Meyerdes.

97 3589 285 3675 accipienda
301 3588 366 3667 dei,
384 3590 440 3656 sed
458 3591 562 3654 adhuc
579 3591 745 3656 temeraria
761 3587 925 3654 Bacchum

96 3675 284 3775 progeniem
301 3686 398 3762 negat
416 3699 484 3741 esse
501 3676 601 3753 Iovis,
619 3677 784 3760 sociasque
802 3697 924 3740 sorores

96 3760 268 3846 1mpietatis
285 3761 390 3826 habet.
434 3762 551 3826 festum
569 3762 728 3828 celebrare
745 3762 902 3837 sacerdos,

95 3846 319 3930 immunesque
337 3869 468 3933 operum
485 3847 621 3911 famulas
640 3848 846 3931 dominasque
864 3868 994 3910 suorum
1136 3866 1152 3914 5

94 3943 226 4018 pectora
243 3931 325 4018 pelle
343 3933 423 4020 tegi,
442 3933 574 3998 crinales
593 3933 714 3998 solvere
732 3933 837 4009 vittas,

96 4028 181 4083 serta
198 4039 305 4094 coma,
322 4019 468 4083 manibus
486 4018 668 4083 frondentes
687 4041 810 4083 sumere
828 4017 952 4102 thyrsos

94 4103 246 4183 iusserat,
264 4115 296 4170 et
314 4126 442 4172 saevam
457 4104 536 4172 laesi
552 4104 620 4169 fore
637 4104 775 4169 numinis
792 4105 872 4169 iram
