2574 4478
244 306 612 365 METAMORPHOSEON
629 307 702 363 LIB.
720 307 757 361 II.
775 307 920 362 482-569.
1050 292 1092 356 31

73 432 207 498 collocat
222 432 256 497 in
274 433 412 497 thalamo
430 454 637 516 socerumque
654 432 808 517 Lycaona
826 431 943 497 sumit?

72 531 106 584 at
123 540 181 583 vos
199 519 226 582 si
242 521 347 585 laesae
364 519 467 604 tangit
484 529 682 603 contemptus
699 519 856 593 alumnae,

71 604 201 690 gurgite
219 606 364 671 caeruleo
383 616 504 690 septem
520 604 685 690 prohibete
702 604 819 668 triones

72 690 240 774 sideraque
257 692 291 755 in
307 690 404 770 caelo,
413 690 514 775 stupri
530 690 820 774 mercede‚recepta

72 776 196 862 pellite,
214 799 253 841 ne
271 798 352 862 puro
369 777 534 862 tinguatur
549 776 582 840 in
601 799 637 840 ae
660 797 737 840 uore
754 777 888 860 paelex)
1112 791 1163 841 580

114 861 161 926 Di
178 863 275 927 maris
292 863 477 927 adnuerant.
498 866 503 874 '
520 860 618 925 habili
636 797 786 928 dammis
802 883 898 926 curru
1030 858 1130 938 corvus
1139 865 1163 909 θ’

71 948 250 1033 ingreditur
265 948 421 1031 liquidum
438 947 616 1032 pavonibus
633 947 762 1012 aethera
778 948 885 1034 pictisr
1031 927 1149 980 ⁰⁰‘⁰'²²⁸·

71 1046 139 1098 tarn
156 1056 258 1120 nuper
273 1034 367 1119 pictis
386 1055 478 1098 caeso
495 1034 672 1118 pavonibus
690 1033 793 1120 Argo,

72 1143 170 1204 quam
188 1131 225 1184 tu
240 1142 343 1206 nuper
364 1142 448 1197 eras,
466 1141 539 1184 cum
556 1119 709 1185 candidus
727 1131 800 1185 ante
817 1119 942 1196 fuisses,

73 1228 169 1272 corve
186 1206 315 1288 loquax,
333 1206 439 1272 subito
456 1206 618 1289 nigrantes
635 1227 746 1270 versus
762 1206 796 1270 in
814 1205 890 1269 alas.
1112 1223 1162 1273 535

71 1315 149 1358 nam
164 1291 227 1356 fuit
241 1292 321 1358 haec
338 1291 500 1376 quondam
515 1292 616 1357 niveis
632 1302 782 1378 argentea
799 1291 911 1377 pennis

71 1380 154 1454 ales,
171 1390 209 1442 ut
225 1390 375 1461 aequaret
391 1389 473 1442 totas
491 1377 558 1444 sine
574 1377 648 1444 labe
665 1376 828 1442 columbas

71 1486 133 1531 nec
151 1464 321 1529 servaturis
338 1463 428 1549 vigili
447 1460 605 1549 Capitolia
622 1485 700 1529 voce

73 1549 201 1616 cederet
218 1548 382 1614 anseribus
399 1570 459 1613 nec
476 1549 595 1614 amanti
612 1549 743 1614 flumina
760 1571 869 1634 cycno.

70 1636 184 1722 lingua
201 1635 261 1700 fuit
279 1636 406 1699 damno.
447 1635 559 1720 lingua
574 1635 710 1700 faciente
726 1636 862 1718 loquaci,
1113 1655 1164 1705 ⁶40

73 1723 129 1806 qui
148 1721 234 1787 color
250 1721 341 1786 albus
360 1729 442 1797 erat,
459 1742 546 1786 nunc
563 1730 611 1786 est
628 1721 803 1785 contrarius
821 1721 903 1787 albo.

71 1806 234 1894 pulchrior
249 1807 284 1870 in
300 1817 379 1883 tota,
398 1827 494 1889 quarn
517 1806 672 1872 Larisaea
699 1803 845 1883 Coronis,

71 1914 138 1957 non
155 1892 217 1957 fuit
234 1892 423 1958 Haemonia.
467 1893 586 1977 placuit
603 1892 674 1968 tibi,
691 1891 858 1977 Delphice,
877 1904 971 1969 certe,

73 1979 151 2042 dum
169 1979 221 2045 vel
239 1989 326 2043 casta
342 1977 403 2042 fuit
420 1980 472 2042 vel
488 1977 698 2043 inobservata
743 1978 800 2043 sed
817 1979 883 2043 ales

73 2064 172 2130 sensit
190 2062 381 2129 adulterium
397 2062 594 2140 Phoebeius,
612 2077 710 2146 utque
726 2063 890 2129 latentem
1113 2084 1163 2134 545

73 2150 237 2234 detegeret
253 2149 379 2235 culpam
396 2172 460 2214 non
477 2149 645 2214 exorabilis
663 2149 769 2226 index,

73 2236 115 2300 ad
133 2235 297 2300 dominum
313 2234 464 2300 tendebat
480 2236 549 2300 iter.
592 2256 687 2318 quem
704 2237 833 2319 garrula
849 2236 942 2299 motis

73 2321 280 2405 consequitur
298 2321 423 2406 pennis,
442 2320 570 2386 scitetur
586 2332 623 2385 ut
640 2321 759 2397 omnia,
779 2321 898 2398 cornix,
1035 2336 1162 2403 (corna.)

73 2407 246 2491 auditaque
263 2407 335 2471 viae
352 2429 449 2471 causa
467 2413 545 2470 ‘non
562 2407 639 2470 utile
657 2406 772 2491 carpis'

72 2492 177 2575 inquit
194 2491 280 2556 ‘iterz
299 2514 339 2557 nc
357 2514 470 2577 sperne
487 2514 577 2556 meae
594 2493 761 2577 praesagia
777 2492 915 2577 linguae.
1113 2513 1163 2564 550
1253 2526 1258 2535 ·

72 2577 152 2662 quid
168 2577 284 2643 fuerim
300 2577 378 2661 quid
395 2578 517 2660 simque
536 2578 622 2654 vide,
640 2578 849 2660 meritumque
866 2578 1005 2661 require:

71 2664 230 2739 invenies,
248 2662 393 2728 nocuisse
410 2663 515 2727 fidem.
558 2687 632 2727 nam
650 2674 792 2749 tempore
809 2663 947 2747 quodam

70 2749 181 2815 Pallas
199 2748 455 2826 Erichthonium,
473 2750 594 2834 prolem
612 2750 679 2813 sine
696 2761 796 2813 matre
815 2762 963 2827 creatam,

72 2835 231 2900 clauserat
247 2834 370 2900 Actaeo
388 2844 475 2899 texta
492 2834 532 2898 de
549 2835 666 2899 vimine
685 2835 763 2900 cista

71 2920 313 3007 virginibusque
330 2919 431 2984 tribus
448 2919 576 3004 gemino
594 2921 634 2984 de
652 2917 795 3007 Cecrope
812 2921 895 2986 natis

71 3018 104 3071 et
120 3006 226 3092 legem
244 3006 389 3083 dederat,
408 3029 466 3069 sua
483 3028 524 3071 ne
541 3016 662 3071 secreta
679 3007 832 3072 viderent.

71 3091 183 3156 abdita
198 3091 310 3156 fronde
326 3091 390 3156 levi
407 3091 505 3156 densa
522 3091 708 3178 speculabar
725 3093 766 3156 ab
784 3093 881 3170 ulmo,

71 3177 151 3260 quid
167 3177 317 3242 facerent.
362 3177 530 3242 commissa
547 3178 629 3242 duae
648 3177 714 3241 sine
732 3177 844 3244 fraude
862 3190 1000 3257 tuentur,

69 3262 255 3327 Pandrosos
274 3273 369 3345 atque
386 3263 500 3327 Herse.
535 3263 660 3327 timidas
678 3274 771 3328 vocat
787 3287 852 3329 una
869 3286 991 3329 sorores

69 3349 104 3412 A
127 3349 234 3412 lauros
251 3349 416 3432 nodosque
433 3371 529 3413 manu
548 3348 677 3413 diducit.
722 3360 753 3414 et
770 3350 855 3414 intus
1111 3373 1162 3424 560

69 3371 291 3517 infantemque
308 3433 417 3499 vident
434 3435 717 3519 adporrectumque
735 3435 913 3500 draconem.

70 3530 144 3585 acta
161 3519 240 3583 deae
257 3519 373 3584 referor
391 3541 449 3604 pro
468 3541 530 3603 quo
547 3521 625 3584 mihi
642 3522 745 3606 gratia
762 3522 833 3586 talis

70 3605 226 3681 redditur,
243 3616 280 3669 ut
296 3604 384 3670 dicar
400 3606 500 3670 tutela
516 3606 609 3690 pulsa
626 3605 792 3671 Minervae

70 3701 103 3756 et
118 3712 223 3776 ponar
239 3701 312 3774 post
327 3691 428 3756 noctis
446 3691 553 3755 avem!
588 3715 660 3756 mea
677 3715 780 3777 poena
797 3693 940 3758 volucres

71 3775 275 3841 admonuisse
292 3787 409 3862 potest,
426 3799 468 3841 ne
485 3798 563 3841 voce
581 3778 721 3863 pericula
739 3790 900 3861 quaerant.

70 3874 117 3940 at,
135 3871 226 3948 puto,
243 3881 307 3925 non
324 3864 418 3940 ultro,
434 3883 495 3927 nec
512 3862 682 3947 quicquam
699 3865 761 3928 tale
779 3875 944 3949 rogantem

69 3971 121 4013 me
139 3947 250 4033 petiit?
266 3946 336 4033 ipsa
351 3948 426 4014 licet
442 3947 504 4012 hoc
521 3971 540 4012 a
556 3948 690 4014 Pallade
708 3971 855 4032 quaeras:

70 4032 218 4118 quamvis
235 4032 317 4097 irata
333 4044 395 4111 est,
412 4056 475 4098 non
493 4033 554 4098 hoc
570 4034 650 4098 irata
667 4035 807 4120 negabit.
832 4068 833 4072 ,

71 4140 147 4186 nam
162 4140 216 4188 mc
232 4117 393 4187 Phocaica
410 4121 513 4188 clarus
530 4120 641 4188 tellure
660 4118 825 4188 Coroneus
