2574 4478
234 181 600 240 METAMORPHOSEON
615 183 688 239 LIB.
707 185 744 239 X.
762 185 919 257 ela-706.)
1017 174 1078 240 179

57 307 168 374 aridus
186 330 205 375 e
221 307 305 372 lasso
322 306 469 373 veniebat
486 307 642 372 anhelitus
659 329 728 386 ore3

61 404 210 478 metaque
228 403 295 459 erat
311 393 419 478 longe:
438 404 505 457 tum
523 393 658 477 denique
676 393 715 458 de
733 393 832 458 tribus
850 417 949 461 unum

60 479 180 545 fetibus
197 478 336 544 arboreis
352 479 456 564 proles
473 479 634 564 Neptunia
651 479 745 543 misit.

60 563 214 650 obstipuit
230 564 330 650 virgo,
347 564 501 647 nitidique
518 564 665 648 cupidine
681 565 768 650 pomi

60 651 199 716 declinat
216 672 327 715 cursus
344 671 520 732 aurumque
537 649 675 713 volubile
692 650 782 714 tollit.

59 736 211 836 praeterit
226 736 459 820 Hippomenes:
477 746 626 800 resonant
643 736 821 820 spectacula
838 737 961 821 plausu.

58 822 116 886 1lla
132 842 253 885 moram
270 819 364 885 celeri
381 830 565 902 cessataque
582 831 725 904 tempora
741 842 835 885 cursu

60 905 191 992 corrigit
207 917 302 990 atque
319 906 434 971 iterum
450 905 598 970 invenem
616 918 687 991 post
704 917 794 991 terga
810 906 968 989 relinquit

59 1004 94 1058 et
110 1014 220 1056 rursus
236 990 324 1076 pomi
339 991 425 1056 iactu
442 1002 599 1056 remorata
616 993 746 1055 secundi

59 1077 265 1161 consequitur
280 1076 454 1160 transitque
471 1076 584 1141 virum.
629 1099 701 1162 pars
719 1077 829 1141 ultima
847 1099 957 1142 cursus

58 1163 209 1230 restabat.
240 1161 394 1226 “‘nunc'''
411 1163 514 1247 inquit
531 1162 652 1238 “‘ades‚
670 1163 730 1226 dea
747 1163 885 1228 muneris
904 1163 1062 1230 auctorl”’

58 1248 157 1331 inque
174 1249 257 1312 latus
275 1247 393 1333 campi,
411 1268 473 1330 quo
491 1247 611 1312 tardius
627 1248 682 1312 illa
698 1247 824 1324 rediret,

58 1332 134 1399 iecit
152 1333 194 1397 ab
211 1332 339 1416 obliquo
356 1333 490 1397 nitidum
507 1332 693 1398 iuvenaliter
710 1356 832 1397 aurum.

59 1443 101 1484 an
119 1428 253 1503 peteret,
271 1418 362 1502 virgo
380 1418 448 1482 visa
465 1429 513 1483 est
530 1417 690 1483 dubitare:
709 1420 800 1504 co'e'gi

58 1503 169 1568 tollere
186 1513 218 1568 et
235 1503 335 1568 adieci
353 1503 476 1568 sublato
494 1503 635 1588 pondera
651 1504 745 1581 malo,

57 1588 253 1674 impediique
270 1588 374 1653 oneris
390 1588 508 1674 pariter
524 1589 680 1674 gravitate
696 1611 858 1675 moraque.

57 1696 139 1740 neve
156 1696 247 1739 meus
265 1695 367 1739 sermo
386 1696 480 1738 cursu
498 1675 538 1738 sit
555 1674 673 1738 tardior
688 1674 773 1759 ipso:

57 1759 229 1844 praeterita
246 1770 294 1824 est
309 1759 415 1844 virg03
432 1760 523 1824 duxit
540 1781 598 1824 sua
613 1760 755 1845 praemia
772 1760 880 1827 victor.

59 1846 211 1930 dignane,
230 1844 281 1908 cui
298 1855 404 1930 grates
422 1857 544 1930 ageret,
563 1844 615 1910 cui
631 1845 710 1910 turis
727 1847 880 1913 honorem

57 1931 168 2006 ferret,
187 1929 310 2007 Adoni,
328 1930 393 1994 fui?
418 1953 478 1996 nec
495 1941 601 2017 grates
618 1930 784 1997 immemor
800 1933 866 2018 egit

58 2038 117 2082 nec
134 2013 212 2080 mihi
230 2025 301 2079 tura
319 2015 419 2080 deditl
446 2017 583 2082 subitam
601 2029 766 2083 convertor
782 2018 815 2082 in
832 2018 922 2095 iram,

58 2111 305 2186 contemptuque
323 2101 446 2178 dolens,
464 2125 505 2166 ne
523 2102 583 2167 sim
601 2103 779 2186 spernenda
795 2102 920 2181 futuris,

59 2188 205 2272 exemplo
223 2208 335 2262 caveo,
353 2208 466 2270 meque
482 2188 553 2271 ipsa
571 2187 718 2252 exhortor
733 2188 767 2252 in
785 2189 904 2253 ambos.

57 2273 190 2358 templa,
208 2272 303 2337 deum
320 2272 419 2335 Matri
436 2293 518 2356 quae
536 2273 696 2356 qnondam
713 2273 816 2338 clarus
833 2273 958 2339 Echion

59 2357 179 2424 fecerat
197 2379 237 2422 ex
254 2367 342 2434 voto,
360 2357 534 2421 nemorosis
552 2357 659 2422 abdita
677 2358 773 2435 silvis,

58 2442 248 2519 transibant,
268 2452 299 2508 et
316 2443 376 2507 iter
392 2444 524 2528 longum
540 2444 738 2526 requiescere
755 2445 863 2509 suasit

57 2529 121 2594 illic
140 2527 325 2592 concubitus
342 2528 565 2615 intempestiva
583 2529 698 2613 cupido

58 2623 193 2697 occupat
209 2612 447 2697 Hippomenen,
466 2637 486 2678 a
502 2614 631 2678 numine
649 2614 770 2678 concita
787 2624 904 2680 nostro.

57 2699 186 2763 luminis
205 2698 313 2782 exigui
330 2698 433 2763 fuerat
451 2721 549 2784 prope
568 2700 686 2785 templa
702 2721 855 2778 recessus,

58 2784 228 2869 speluncae
246 2783 370 2858 similis,
388 2784 494 2848 nativo
512 2783 638 2869 pumice
655 2795 766 2863 tectus,

57 2868 209 2954 religione
226 2890 316 2933 sacer
333 2869 449 2954 prisca,
467 2891 530 2954 quo
546 2869 649 2936 multa
665 2872 811 2936 sacerdos

56 2954 164 3040 lignea
182 2954 357 3018 contulerat
373 2965 514 3019 veterum
532 2955 701 3021 simulacra
717 2958 858 3022 deorum.

57 3039 144 3104 hunc
160 3038 219 3102 init
236 3050 267 3103 et
284 3039 381 3104 vetito
399 3051 531 3105 temerat
548 3041 685 3107 sacraria
725 3043 828 3107 robro.

58 3147 149 3190 sacra
165 3135 359 3189 retorserunt
375 3125 483 3190 oculos
488 3151 497 3203 3
516 3127 690 3211 turritaque
702 3065 823 3206 blater,

57 3233 98 3274 an
117 3208 233 3294 Stygia
250 3221 369 3286 sontes,
388 3211 559 3290 dubitavit,
576 3225 733 3299 mergeret
749 3214 845 3278 unda.

57 3317 161 3381 poena
178 3295 257 3359 levis
274 3295 342 3360 visa
359 3308 415 3361 est.
460 3319 536 3383 ergo
553 3299 647 3362 modo
664 3299 747 3365 levia
763 3298 871 3363 fulvae

57 3381 139 3446 colla
155 3380 250 3444 iubae
267 3382 386 3459 velant,
405 3383 496 3468 digiti
513 3394 682 3449 curvantur
698 3384 732 3448 in
749 3407 882 3470 ungues,

57 3489 98 3531 ex
115 3464 233 3530 umeris
251 3467 330 3530 armi
346 3467 440 3544 fiunt,
458 3468 491 3532 in
507 3480 634 3554 pectora
652 3478 752 3534 totum

56 3551 181 3636 pondus
200 3549 279 3628 abit,
298 3574 439 3617 summae
457 3555 559 3618 cauda
576 3566 744 3619 verruntur
761 3555 907 3620 harenae.

56 3637 137 3701 iram
154 3637 260 3700 vultus
278 3636 387 3713 habet,
405 3661 462 3723 pro
480 3640 583 3704 verbis
600 3664 762 3705 murmura
778 3641 924 3718 reddunt,

56 3743 114 3807 pro
131 3721 278 3786 thalamis
296 3723 455 3788 celebrant
472 3725 580 3791 silvas:
599 3725 730 3810 aliisque
748 3726 878 3791 timendi

57 3807 152 3872 dente
169 3819 317 3891 premunt
334 3809 451 3873 domito
470 3807 623 3894 Cybeleia
640 3811 730 3877 frena
746 3812 864 3877 leones.

56 3892 115 3956 hos
132 3903 182 3968 tu,
201 3914 273 3957 care
291 3894 382 3972 mihi,
400 3917 536 3979 cumque
553 3895 602 3960 his
618 3919 720 3982 genus
738 3919 831 3964 omne
849 3897 998 3977 ferarum,
1094 3919 1144 3971 705

56 3979 141 4063 quod
159 4000 223 4044 non
240 3989 329 4066 terga
345 3980 455 4069 fugae,
474 3982 531 4048 sed
547 4004 674 4069 pugnae
691 3994 820 4070 pectora
838 3985 978 4069 praebet,

854 4085 905 4142 12·
