2574 4478
162 303 223 370 164
493 316 526 372 Ρ.
546 317 670 376 OVIDII
687 316 851 376 NASONIS

159 443 273 520 tendit,
292 453 322 508 et
342 439 474 528 Orphea
490 443 684 527 nequiquam
702 464 779 507 voce
798 453 939 507 vocatur.

160 530 263 594 adfuit
278 528 331 593 ille
349 529 490 612 quidem,
510 529 566 593 sed
583 550 643 592 nec
660 528 823 592 sollemnia
841 528 938 593 verba

127 633 142 683 5
160 637 219 680 nec
236 616 333 679 laetos
351 613 458 678 vultus
475 635 534 678 uec
552 613 629 679 felix
646 614 750 678 attulit
768 635 869 678 omen.

160 701 215 765 fax
233 721 374 784 quoque,
393 720 489 781 quam
507 700 622 774 tenuit,
639 700 806 763 lacrimoso
824 699 956 764 stridrda
973 698 1063 764 fumo

160 808 261 869 usque
278 785 338 848 fuit
354 786 521 868 nullosque
537 785 658 850 invenit
675 784 812 848 motibus
830 785 930 870 ignes.

160 871 263 937 exitus
281 870 420 955 auspicio
439 869 575 954 gravior.
618 893 693 933 nam
710 881 810 954 nupta
827 892 885 955 per
901 869 1017 935 herbas

161 959 236 1021 dum
254 979 337 1021 nova
354 956 513 1019 Naiadum
531 956 625 1020 turba
642 955 790 1020 comitata
806 967 952 1041 vagatur,

110 1049 143 1110 10
161 1042 288 1120 occidit,
306 1042 339 1105 in
357 1042 456 1106 talum
474 1040 628 1126 serpentis
646 1041 740 1106 dente
757 1053 894 1126 recepto.

160 1151 256 1212 quam
273 1127 348 1192 satis
366 1127 408 1191 ad
425 1149 555 1211 superas
572 1137 740 1212 postquam
758 1126 964 1211 Rhodopeius
982 1149 1077 1193 auras

160 1213 286 1279 deflevit
302 1222 405 1289 vates,
422 1234 462 1276 ne
479 1232 543 1276 non
561 1221 729 1296 temptaret
746 1221 778 1276 et
794 1213 935 1289 umbras,

160 1300 201 1363 ad
219 1297 322 1383 Styga
339 1296 496 1362 Taenaria
513 1308 562 1362 est
579 1320 675 1362 ausus
693 1298 884 1363 descendere
900 1309 1003 1384 porta,

183 1406 278 1469 erque
295 1385 381 1448 leves
398 1382 532 1468 populos
550 1383 780 1466 simulacraque
797 1383 908 1447 functa
924 1385 1070 1469 sepulcro

111 1488 142 1536 15
159 1408 385 1555 lersephonen
404 1468 481 1532 adiit
497 1469 727 1552 inamoenaque
745 1491 844 1554 regna
861 1478 1021 1535 tenentem

55 1608 56 1612 ,
160 1556 344 1619 umbramm
362 1554 524 1618 dominum
529 1579 539 1632 3
555 1554 719 1639 pulsisque
736 1555 778 1620 ad
795 1553 935 1619 carmina
952 1555 1060 1621 nervis

161 1642 206 1705 sic
223 1641 280 1704 ait:
300 1645 334 1704 ‘o
350 1640 445 1724 positi
462 1639 522 1704 sub
540 1649 624 1705 terra
640 1639 771 1704 numina
788 1640 909 1716 mundi,

160 1726 192 1790 in
210 1747 305 1809 quem
322 1725 522 1801 reddidimus,
541 1725 691 1809 quicquid
708 1725 840 1790 mortale
858 1747 1017 1791 creamum

162 1811 278 1876 silicet
298 1821 343 1887 et,
360 1810 433 1874 falsi
449 1811 560 1896 positis
578 1810 767 1897 ambagibus
785 1811 858 1887 oris,

110 1915 144 1964 20
162 1919 237 1961 vera
253 1896 339 1980 loqui
358 1896 472 1960 sinitis:
490 1918 554 1960 non
571 1897 649 1973 huc,
667 1908 703 1961 ut
720 1918 820 1982 opaca
837 1896 978 1962 viderem

160 1982 308 2058 Tartara,
326 1981 488 2057 descendi,
506 2003 566 2047 nec
582 1982 629 2047 uti
646 1982 758 2047 villosa
776 1982 913 2047 colubris

160 2080 249 2132 terna
266 2068 434 2132 Medusaei
451 2067 603 2132 vincirem
621 2078 751 2154 guttura
767 2068 910 2132 monstri.

161 2175 258 2217 causa
275 2153 345 2218 viae
364 2163 412 2218 est
429 2154 579 2228 coniunx,
597 2153 630 2218 in
648 2175 745 2238 quam
763 2155 884 2218 calcata
901 2176 1063 2220 venenum

161 2239 270 2324 vipera
288 2238 429 2316 diffudit,
447 2251 687 2323 crescentesque
705 2239 833 2304 abstulit
852 2261 962 2304 annos.
1001 2248 1005 2257 '

111 2343 143 2391 25
162 2347 255 2410 posse
272 2323 338 2409 pati
356 2324 456 2399 volui,
473 2346 533 2389 nec
550 2347 602 2390 me
620 2336 791 2409 temptasse
808 2326 948 2411 negabo:

160 2410 236 2475 vicit
253 2411 364 2474 Amor.
408 2432 523 2495 supera
541 2410 619 2475 deus
636 2410 689 2475 hic
706 2411 787 2476 bene
804 2421 898 2477 notus
916 2411 950 2474 in
967 2431 1024 2475 ora
1042 2424 1104 2476 est:

161 2518 202 2559 an
220 2496 260 2560 sit
277 2506 308 2560 et
325 2495 391 2572 hic,
409 2495 529 2560 dubito.
574 2496 631 2561 sed
648 2507 680 2561 et
697 2495 748 2561 hic
765 2507 872 2561 tamen
889 2518 1031 2582 auguror
1049 2520 1118 2563 esse
1123 2522 1132 2574 3

160 2580 309 2664 famaque
327 2582 354 2645 si
370 2581 485 2646 veteris
502 2603 567 2646 non
584 2592 633 2647 est
650 2581 781 2646 mentita
797 2583 938 2667 rapinae,

161 2688 217 2731 vos
252 2687 357 2748 uoque
370 2667 473 2730 iunxit
486 2667 598 2732 Amor.
624 2689 681 2752 per
694 2689 754 2752 ego
767 2667 846 2732 haec
861 2667 933 2732 loca
944 2667 1043 2752 plena
1054 2666 1177 2744 timoris,

111 2769 144 2819 80
185 2775 219 2816 er
267 2751 344 2816 hacc
361 2752 422 2817 hoc
439 2753 551 2837 ingens
569 2752 713 2837 vastique
732 2753 855 2818 silentia
871 2753 974 2839 regni,

160 2775 352 2921 llurydioes,
371 2859 436 2913 oro,
454 2848 622 2924 properata
638 2838 770 2903 retexite
786 2838 863 2902 fata.

161 2923 268 2987 omnia
285 2922 442 2988 debentur
455 2923 560 3000 vobis,
578 2923 772 3008 paulumque
789 2923 902 2988 morati

161 3008 261 3074 serius
279 3020 334 3072 aut
352 3009 444 3074 citius
462 3010 569 3075 sedem
587 3031 794 3094 properamus
813 3009 979 3073 adunam.

160 3093 319 3158 tendimus
337 3092 399 3159 huc
416 3116 540 3171 omnes,
557 3094 638 3160 haec
654 3106 703 3159 est
721 3094 833 3159 domus
849 3094 976 3171 ultima3
993 3116 1115 3180 vosque

110 3194 143 3244 85
161 3179 292 3243 humani
308 3179 434 3264 generis
451 3180 635 3264 longissima
652 3202 752 3264 regna
768 3180 892 3245 tenetis.

160 3264 240 3329 haec
257 3286 397 3348 quoque,
416 3287 489 3329 cum
505 3265 604 3330 iustos
622 3277 746 3330 matura
762 3264 920 3351 peregerit
937 3286 1049 3343 annos,

160 3349 237 3414 iuris
255 3350 314 3415 erit
330 3349 440 3416 vestri:
458 3373 516 3435 pro
533 3373 663 3416 munere
681 3353 840 3436 poscimus
857 3373 962 3415 usum.

161 3435 248 3518 quod
264 3436 292 3501 si
308 3434 375 3501 fata
392 3447 511 3521 negant
528 3437 652 3501 veniam
669 3458 727 3521 pro
746 3436 895 3522 coniuge,
913 3448 1038 3503 certum
1055 3448 1102 3504 eet

161 3521 245 3586 nolle
261 3521 363 3586 redire
381 3520 471 3585 mihi:
489 3522 551 3587 leto
569 3522 706 3608 gaudete
724 3522 880 3586 duorum?

110 3623 145 3672 ιο
162 3606 237 3670 talia
254 3607 410 3672 dicentem
428 3629 605 3691 nervosque
623 3609 664 3672 ad
681 3608 780 3672 verba
796 3619 978 3673 moventem

162 3714 339 3777 exsangues
356 3692 475 3757 flebant
492 3693 630 3770 animae,
648 3716 707 3758 nec
724 3693 879 3758 Tantalus
896 3693 1017 3758 undam

161 3778 300 3861 captavit
316 3776 476 3863 refugam,
492 3779 676 3926 stupuitque
695 3778 813 3842 Ixionis
832 3778 927 3856 orbis,

161 3883 221 3927 nec
237 3883 381 3947 carpsere
398 3864 486 3928 iecur
503 3884 543 3927 vo
556 3885 660 3940 ucres,
678 3864 829 3948 urnisque
846 3875 1000 3930 vacarunt

161 3945 305 4022 Belides,
322 3947 418 4033 inque
436 3958 491 4012 tuo
509 3947 631 4023 sedisti,
650 3946 802 4034 Sisyphe,
821 3970 908 4013 saxo·

110 4050 144 4101 ct
161 4043 237 4097 tunc
253 4031 391 4116 primum
408 4034 545 4098 lacrimis
562 4033 716 4098 victarum
735 4034 872 4099 carmine
890 4034 977 4099 fama
994 4047 1043 4102 est

45 4132 52 4141 '
161 4114 378 4189 Eumenidum
395 4119 554 4188 maduisse
570 4142 680 4211 genas.
722 4142 781 4188 nec
798 4119 887 4212 regia
905 4121 1044 4191 coniunx
