2574 4478
246 281 614 341 METAMORPHOSEON
630 281 703 337 LIB.
721 280 800 337 XIV.
820 277 964 336 732-819.
1055 262 1118 329 253

97 409 179 477 bella
196 418 324 496 gerunt:
344 407 488 492 arcisque
506 405 558 470 via
576 404 713 492 Tarpeia
730 403 854 468 reclusa

95 498 226 582 dignam
244 495 382 559 animam
399 514 502 578 poena
520 491 676 577 congestis
695 490 782 554 exuit
800 487 904 553 armis.

95 583 169 647 inde
187 580 246 645 sati
266 576 405 644 Curibus
424 578 591 642 tacitorum
607 597 695 641 mere
711 577 859 659 luporum

96 691 150 732 ore
167 676 315 752 premunt
333 685 426 728 voces
445 675 476 727 et
494 684 626 746 corpora
641 661 725 725 victa
743 681 856 744 sopore

94 752 250 817 invadunt
266 761 437 835 portasque
453 758 579 832 petunt,
598 768 677 830 quas
695 745 784 810 obice
802 744 893 808 firmo

95 839 252 903 clauserat
269 835 396 900 Iliades.
440 856 537 898 uuam
555 844 661 897 tamen
678 831 749 916 ipsa
765 828 894 894 reclusit

95 944 154 988 nec
172 921 338 1006 strepitum
355 941 447 984 verse
466 917 617 984 Saturnia
634 917 761 981 cardine
778 914 862 981 feeit.

95 1009 164 1072 sela
180 1008 291 1073 Venus
309 1015 419 1090 portae
438 1004 588 1068 cecidisse
605 1003 759 1087 repagula
777 1000 887 1065 sensit:

96 1104 126 1157 et
144 1093 291 1156 clausura
308 1090 383 1165 fuit,
402 1089 463 1153 nisi
481 1088 567 1172 quod
584 1087 762 1152 rescindere
779 1107 954 1168 numquam

96 1179 144 1241 dis
162 1178 237 1241 licet
254 1187 325 1241 acta
343 1176 447 1240 deum.
491 1175 570 1238 Iano
587 1173 657 1237 loea
673 1172 781 1237 iuncta
799 1172 949 1236 tenebant

95 1262 216 1327 Naides
234 1261 398 1325 Ausoniae
415 1259 521 1344 gelide
539 1258 677 1322 rorantia
693 1258 794 1322 fonte:

96 1348 153 1411 has
171 1358 264 1431 regat
282 1346 444 1409 auxilium.
488 1366 548 1408 nec
565 1343 725 1428 nymphae
741 1343 825 1406 iusta
842 1352 1002 1427 petentem

96 1432 272 1496 sustinuere
290 1431 397 1507 deam,
416 1451 577 1512 venasque
595 1441 627 1493 et
643 1428 775 1493 flumina
792 1427 888 1490 fontis

96 1518 232 1582 elicuere
250 1516 308 1579 sui.
352 1515 494 1579 nondum
512 1526 619 1580 tamen
635 1513 722 1577 invia
739 1512 810 1578 Iani

96 1625 151 1666 ora
168 1601 305 1686 patentis
323 1611 425 1676 erant,
443 1621 546 1685 neque
563 1599 624 1664 iter
639 1599 853 1684 praecluserat
869 1597 966 1661 unda.

96 1687 200 1751 lurida
218 1696 401 1770 supponunt
417 1686 554 1750 fecundo
571 1685 723 1770 sulphura
740 1684 822 1748 fonti

94 1771 333 1854 incenduntque
351 1793 444 1835 cavas
462 1771 604 1835 fumante
622 1769 775 1834 bitumine
793 1791 901 1834 venas.

96 1856 216 1921 viribus
235 1856 284 1919 his
302 1856 433 1939 aliisque
452 1878 552 1941 vapor
569 1856 745 1940 penetravit
763 1854 886 1919 adime

95 1942 192 2007 fontis
198 1966 207 2018 3
225 1954 257 2006 et
274 1940 394 2025 Alpino
411 1942 506 2005 medo
524 1963 606 2023 quae
624 1952 744 2006 certare
761 1939 859 2025 rigori

96 2026 263 2091 audebatis
280 2049 397 2110 aquae,
415 2048 480 2091 non
497 2026 607 2090 ceditis
624 2026 752 2111 ignibus
769 2025 856 2110 ipsis.

95 2111 284 2176 flammifera
301 2111 420 2196 gemini
437 2111 562 2175 fumant
580 2111 746 2195 aspergine
763 2121 883 2195 pestes3

95 2209 261 2282 portaque,
278 2197 472 2280 nequiquam
489 2196 599 2280 rigidis
639 2196 771 2259 remissa
789 2193 927 2271 Sabinis,

95 2283 184 2346 fonte
201 2281 263 2345 fuit
278 2292 476 2366 praestructa
492 2302 585 2356 nove,
604 2219 680 2343 diam
697 2281 834 2345 Martius
852 2303 940 2343 arma

95 2367 242 2432 indueret
259 2367 359 2430 miles.
403 2388 484 2449 quae
502 2377 671 2450 postquam
688 2366 844 2430 Remulus
861 2367 944 2429 ultro

96 2452 224 2527 obtulit,
243 2462 275 2516 et
291 2462 390 2516 strata
407 2464 453 2516 est
472 2452 563 2516 tellus
580 2451 734 2531 Romana⁴
745 2449 872 2516 Sabinis

96 2536 280 2621 corporibus
298 2547 395 2601 strata
413 2547 524 2619 estque
541 2537 621 2614 suis,
639 2536 810 2621 generique
829 2557 972 2600 cruorem

96 2622 251 2707 sanguine
269 2644 342 2685 cum
360 2623 460 2686 soceri
476 2622 660 2707 permiscuit
676 2622 791 2705 impius
810 2621 909 2685 ensis:

95 2729 175 2792 pace
193 2720 297 2771 tamen
317 2707 385 2770 sisti
402 2707 536 2783 bellum,
554 2706 664 2772 necin
682 2708 793 2771 ultima
810 2705 893 2771 ferro

96 2793 257 2858 decertare
272 2793 392 2940 placet,
411 2792 603 2876 Tatiumque
622 2793 771 2857 accedere
788 2813 897 2877 regne.
914 2826 959 2838 --

96 2877 255 2942 occiderat
302 2877 399 2951 atius,
416 2878 604 2963 populisque
623 2888 758 2960 aequata
776 2877 909 2953 duobus,

97 2963 248 3039 Romule,
267 2962 337 3026 iura
354 2962 463 3026 dabas.
507 2963 611 3047 posita
628 2984 700 3027 cum
719 2963 840 3028 casside
857 2962 989 3026 Mavors

95 3048 213 3112 talibus
230 3047 357 3112 adfatur
375 3047 546 3131 divumque
564 3048 791 3131 hominumque
808 3060 986 3133 parentem:

96 3141 237 3216 ‘tempus
255 3132 359 3209 adest,
377 3132 509 3218 genitor,
527 3133 677 3217 queniam
695 3133 879 3198 fundamine
897 3155 1013 3218 magno

95 3241 147 3282 res
165 3217 311 3281 Romana
328 3218 413 3282 valet
429 3240 489 3283 nec
505 3218 650 3304 praeside
667 3219 784 3304 pendet
801 3219 842 3282 ab
860 3241 934 3294 uno,

95 3302 252 3388 praemia,
269 3322 353 3385 quae
370 3303 525 3387 promissa
541 3304 619 3367 mihi
636 3305 797 3390 dignoque
813 3304 930 3389 nepoti,

96 3388 231 3462 solvere,
251 3399 282 3451 et
300 3388 441 3452 ablatum
458 3389 548 3453 terris
565 3389 727 3474 imponere
745 3390 843 3454 eaelo.

95 3485 132 3538 tu
149 3473 227 3536 mihi
248 3473 380 3538 concilio
398 3474 558 3556 quendam
575 3486 740 3559 praesente
759 3476 889 3540 deorum

95 3558 186 3641 (nam
203 3579 357 3635 memore,
376 3560 569 3641 memorique
587 3561 692 3625 animo
709 3561 763 3646 pia
779 3560 877 3624 verba
893 3559 1016 3645 notavi)

95 3650 205 3707 “unus
222 3643 295 3717 erit,
314 3665 409 3726 quem
426 3655 461 3708 tu
479 3646 569 3710 tolles
586 3645 620 3710 in
638 3647 764 3711 caerula
781 3645 883 3710 caeli''

95 3727 218 3792 dixisti:
235 3738 305 3791 rata
323 3729 362 3793 sit
378 3730 547 3794 verberum
565 3754 690 3795 summa
707 3731 853 3797 tuorum'

94 3812 208 3878 adnuit
239 3813 450 3898 omnipotens,
470 3827 502 3879 et
518 3816 656 3880 nubibus
674 3822 748 3881 adra
766 3817 867 3881 caecis

60 3965 63 3969 ,
94 3897 235 3963 occuluit
252 3899 433 3982 tonitruque
451 3910 483 3964 et
498 3900 625 3986 fulgure
642 3902 754 3967 terruit
770 3901 892 3967 urbem.

95 4004 178 4066 quae
196 3983 257 4046 sibi
274 3985 447 4068 promissae
465 3987 561 4051 sensit
584 3997 652 4051 rata
670 3987 761 4073 signa
777 3986 916 4072 rapinae,

94 4067 286 4153 innixusque
304 4068 414 4136 hastae
431 4093 557 4158 pressos
575 4083 701 4138 temone
719 4085 849 4138 cruento
