2574 4478
162 226 225 292 184
490 240 522 294 Ρ,
541 240 665 297 OVIDII
681 237 843 295 NASONIS

94 383 143 432 140
160 364 402 450 spumigeroque
419 374 510 428 tuum
527 363 617 440 fonti,
635 385 699 446 qua
715 363 870 448 plurimus
889 361 963 438 exit,

160 449 260 514 subde
278 461 385 534 caput,
404 470 581 534 corpusque
599 449 707 525 simul,
726 449 818 512 simul
836 450 906 512 elue
924 445 1064 512 crimen?

160 558 216 599 rex
233 535 337 599 iussae
354 534 493 600 succedit
510 556 621 617 aquae.
665 533 713 597 vis
730 556 827 598 aurea
843 533 935 596 tinxit

160 621 278 684 fiumen
295 631 325 684 et
345 620 482 684 humano
500 621 540 684 de
558 641 688 704 corpore
707 619 800 683 cessit
815 619 849 683 in
867 640 1002 682 amnem.

159 728 244 770 nunc
260 726 387 788 quoque
402 706 467 768 iam
483 705 597 769 veteris
614 714 762 789 percepto
780 703 899 769 semine
916 725 1016 768 venae

94 809 142 858 145
160 814 236 855 arva
252 792 356 876 rigent
372 811 449 854 auro
465 789 600 853 madidis
617 789 766 874 pallentia
782 789 913 874 glaebis.

202 877 274 953 Ille,
291 897 422 960 perosus
440 896 530 959 opes,
549 875 643 938 silvas
661 885 693 938 et
709 897 783 939 rura
800 874 923 938 colebat

159 960 312 1044 Panaque
328 961 485 1025 montanis
503 959 697 1024 habitantem
714 982 838 1044 semper
854 960 888 1023 in
907 959 1015 1024 antris.

159 1047 277 1131 pingue
294 1047 350 1110 sed
366 1045 529 1130 ingenium
546 1046 660 1109 mansit
665 1069 674 1122 3
692 1045 912 1128 nocituraque,
930 1056 966 1109 ut
984 1054 1069 1124 ante,

159 1155 267 1196 rursus
285 1141 373 1197 erant
390 1131 516 1195 domino
534 1132 648 1195 stultae
665 1131 848 1216 praecordia
863 1130 988 1195 mentis.

94 1236 143 1286 150
160 1241 235 1280 nam
251 1217 332 1281 freta
348 1217 539 1302 prospiciens
557 1215 620 1280 late
636 1216 719 1301 riget
736 1216 852 1280 arduus
870 1216 933 1280 alto

159 1302 291 1367 Tmolus
308 1302 341 1365 in
359 1324 506 1377 ascensu,
524 1301 668 1383 chaoque
686 1311 834 1366 extensus
850 1312 984 1383 utroque

161 1387 314 1452 Sardibus
331 1387 417 1462 hinc,
435 1386 520 1450 illinc
538 1386 643 1470 parvis
660 1386 767 1450 finitur
783 1387 958 1471 Hypaepis.

158 1473 230 1537 Pan
247 1473 291 1536 ibi
309 1472 384 1535 dum
402 1472 516 1536 teneris
533 1473 629 1535 iactat
647 1495 705 1535 sua
722 1472 860 1536 carmina
877 1471 1026 1557 nymphis

70 1603 72 1606 <
160 1569 191 1622 et
207 1559 277 1623 leve
295 1568 400 1622 cerata
416 1557 596 1621 modulatur
612 1557 788 1621 harundine
805 1579 941 1631 carmen,

93 1662 142 1711 155
161 1665 255 1708 ausus
273 1643 458 1726 Apollineos
475 1665 551 1727 prae
569 1665 602 1706 se
621 1653 819 1707 contemnere
837 1653 959 1719 cantus,

159 1728 261 1792 iudice
279 1727 339 1792 sub
355 1727 469 1792 Tmolo
487 1738 646 1792 certamen
663 1729 748 1791 venit
765 1727 806 1792 ad
823 1727 933 1812 impar.

158 1824 265 1877 monte
282 1833 339 1877 suo
357 1813 461 1877 senior
476 1812 574 1877 iudex
590 1813 745 1890 consedit,
763 1823 795 1877 et
812 1835 904 1876 aures

158 1898 271 1963 liberat
287 1898 461 1962 arboribus.
504 1920 623 1981 quercu
640 1920 732 1962 coma
748 1898 874 1963 caerula
890 1909 1014 1962 tantum

159 1984 305 2069 cingitur,
323 1993 354 2047 et
371 1984 511 2068 pendent
527 1983 646 2048 circum
664 2006 742 2048 cava
758 1994 901 2068 tempora
916 1985 1060 2068 glandes.

93 2088 142 2139 160
159 2070 249 2152 isque
267 2069 361 2133 deum
379 2069 500 2153 pecoris
518 2079 663 2152 spectans
681 2069 728 2133 ‘in
745 2069 861 2134 iudice’
881 2068 959 2133 dixit

161 2154 261 2218 ‘nulla
278 2176 366 2218 mora
383 2154 452 2219 est.’
495 2154 623 2218 calamis
641 2155 818 2240 agrestibus
835 2155 959 2218 insonat
976 2154 1044 2219 ille:

158 2239 386 2322 barbaricoque
402 2238 517 2303 Midan
533 2239 657 2322 (aderat
673 2263 748 2303 nam
765 2239 846 2304 forte
863 2239 1003 2324 canenti)

159 2325 296 2389 carmine
313 2325 438 2389 delenit.
481 2336 552 2409 post
569 2325 653 2389 hunc
671 2347 759 2390 sacer
776 2346 832 2389 ora
848 2325 973 2390 retorsit

158 2410 290 2474 Tmolus
307 2411 348 2474 ad
366 2432 400 2474 os
417 2410 556 2487 Phoebi;
573 2412 697 2474 vultum
714 2433 772 2474 sua
788 2411 868 2475 silva
885 2420 994 2475 secuta
1010 2419 1069 2475 est.

93 2515 140 2563 165
158 2496 210 2560 ille
228 2506 323 2644 caput
339 2496 456 2560 flavum
474 2497 563 2559 lauro
580 2495 755 2561 Parnaside
772 2497 895 2561 vinctus

158 2581 254 2646 verrit
293 2604 402 2646 umum
420 2580 518 2664 Tyrio
536 2591 675 2645 saturata
691 2582 810 2646 murice
827 2582 925 2667 pellar

157 2667 407 2750 instructamque
415 2666 512 2730 fidem
522 2666 656 2750 gemmis
674 2677 704 2730 et
722 2667 869 2731 dentibus
886 2666 975 2731 Indis

159 2751 290 2816 sustinet
307 2774 326 2815 a
343 2753 446 2816 laeva:
465 2751 566 2816 tenuit
582 2773 694 2815 manus
712 2753 810 2816 altera
826 2753 990 2837 plectrum.

159 2837 285 2901 artificis
303 2847 402 2901 status
419 2837 487 2922 ipse
504 2837 573 2900 fuit.
616 2848 685 2900 tum
702 2837 836 2902 stamina
852 2839 945 2902 docto

93 2942 141 2992 170
157 2922 270 3070 pollice
287 2922 432 2986 sollicitat
438 2947 447 2999 ;
465 2943 599 3004 quorum
617 2922 782 2986 dulcedine
800 2934 910 3007 captus

188 3031 248 3071 ana
264 3007 353 3072 iubet
369 3007 501 3071 Tmolus
519 3007 656 3073 citharae
674 3007 858 3073 submittere
876 3030 1003 3073 cannas.

157 3092 307 3157 iudicium
326 3093 487 3175 sanctique
503 3092 608 3176 placet
625 3093 779 3158 sententia
795 3093 909 3157 montis

158 3178 317 3254 omnibus3
336 3178 478 3262 arguitur
493 3188 598 3242 tamen
617 3189 712 3261 atque
728 3179 844 3242 iniusta
861 3188 992 3243 vocatur

157 3263 250 3328 unius
267 3285 410 3327 sermone
427 3262 547 3328 Midae.
590 3285 649 3327 nec
666 3262 779 3328 Delius
797 3286 888 3329 aures

91 3368 139 3418 175
157 3348 327 3413 humanam
345 3348 472 3412 stolidas
489 3348 608 3433 patitur
624 3348 757 3413 retinere
774 3349 922 3434 figuram:

157 3435 213 3499 sed
229 3433 324 3498 trahit
339 3434 373 3497 in
390 3434 526 3519 spatium
543 3433 687 3517 villisque
705 3434 883 3499 albentibus
899 3433 1020 3519 implet,

156 3519 380 3601 instabilesque
397 3519 477 3582 imas
494 3519 570 3583 facit
588 3529 618 3583 et
637 3519 690 3583 dat
706 3541 800 3604 posse
816 3520 947 3585 moveri.

157 3616 261 3670 cetera
278 3615 350 3668 sunt
367 3604 516 3668 hominis:
533 3615 655 3688 partem
673 3604 840 3669 damnatur
855 3605 889 3669 in
905 3628 1004 3669 unam

156 3690 357 3773 induiturque
375 3713 467 3754 aures
484 3689 568 3754 lente
585 3689 756 3774 gradientis
774 3691 871 3756 aselli.

91 3795 140 3845 rso
198 3775 257 3839 llle
274 3775 400 3857 quidem
419 3776 520 3840 celare
537 3775 637 3859 cupit,
656 3775 801 3859 turpique
818 3776 939 3860 pudore

157 3872 298 3945 tempora
315 3861 480 3946 purpureis
498 3869 632 3945 temptat
647 3860 752 3925 velare
770 3861 867 3925 tiaris.

156 3945 213 4008 sed
229 3944 339 4009 solitus
355 3945 466 4030 longos
483 3944 566 4010 ferro
584 3967 725 4010 resecare
742 3946 871 4032 capillos

156 4028 279 4101 viderat
293 4029 354 4096 hoo
370 4029 518 4096 famulus.
562 4029 629 4115 qui,
648 4052 720 4096 cum
736 4054 796 4099 nec
811 4031 945 4118 prodere
963 4033 1067 4100 visum

427 4164 521 4192 ι
1138 4206 1141 4219 l

1058 4276 1097 4415 ll
