2574 4478
168 296 231 368 174
500 312 533 367 P.
552 312 676 369 ovmn
692 310 855 370 uasorus
970 362 973 367 .

168 437 331 503 vicimus.’'
374 436 484 502 infelix
502 458 565 500 non
583 447 648 501 toto
665 448 791 522 pectore
810 435 904 501 sentit

167 524 319 589 laetitiam
337 523 437 608 virgo,
456 543 672 607 praesagaque
689 533 816 607 pectora
833 531 985 587 maerent.

100 630 149 678 445
168 611 224 674 sed
241 620 346 673 tamen
364 619 395 673 et
412 608 544 693 gaudet:
563 618 650 671 tanta
668 618 715 672 est
732 607 888 672 discordia
904 607 1030 673 mentis.

167 707 291 778 tempus
310 704 390 768 erat,
409 715 472 776 quo
491 704 605 757 cuncta
622 693 728 769 silent,
746 694 890 775 interque
908 694 1025 759 triones

167 781 297 844 flexerat
315 779 443 861 obliquo
461 780 637 864 plaustrum
654 790 779 843 temone
796 779 930 842 Bootes:

169 866 210 930 ad
227 865 350 929 facinus
368 864 454 929 venit
469 864 524 928 illa
541 886 643 927 suum.
687 864 770 948 fugit
787 887 883 927 aurea
900 865 989 928 caelo

168 952 253 1027 luna,
271 962 383 1035 tegunt
399 950 508 1034 nigrae
526 949 682 1014 latitantia
700 950 803 1014 sidera
819 950 931 1026 nubes,

99 1055 151 1104 450
168 1059 232 1100 nox
250 1047 334 1100 caret
352 1036 426 1120 igne
444 1056 512 1098 suo.
556 1034 675 1119 primus
693 1035 789 1120 tegis,
809 1034 915 1111 Icare‚
932 1035 1051 1114 vultus,

168 1122 370 1206 Erigoneque
388 1121 441 1206 pio
458 1131 581 1185 sacrata
598 1120 736 1205 parentis
754 1142 870 1184 amore.
930 1164 933 1169 -

168 1220 216 1272 ter
234 1206 323 1292 pedis
341 1205 454 1270 offensi
472 1206 561 1290 signo
581 1216 627 1270 est
644 1216 804 1283 revocata,
823 1216 871 1271 ter
887 1226 982 1270 omen

168 1293 317 1358 funereus
335 1291 420 1355 bubo
438 1291 523 1355 letali
541 1290 679 1356 carmine
696 1292 779 1356 fecit

169 1378 193 1441 it
210 1389 331 1442 tamen:
350 1388 382 1442 et
399 1376 546 1441 tenebrae
563 1377 709 1441 minuunt
726 1398 852 1460 noxque
870 1387 938 1442 atra
955 1378 1124 1463 pudorem:

101 1480 151 1530 455
169 1462 363 1544 nutricisque
380 1485 509 1525 manum
524 1462 616 1526 laeva
633 1473 732 1539 tenet,
750 1464 849 1527 altera
865 1472 954 1527 motu

169 1570 299 1613 caecum
316 1548 376 1612 iter
394 1548 545 1632 explorat.
588 1547 717 1612 thalami
735 1549 798 1612 iam
816 1548 925 1611 limina
941 1549 1055 1634 tangit,

169 1635 295 1716 iamque
312 1633 396 1697 fores
414 1633 528 1717 aperit,
545 1634 608 1697 iam
627 1633 751 1697 ducitur
767 1633 861 1697 intus.
904 1633 1001 1698 atilli

170 1719 288 1804 poplite
306 1718 456 1783 succiduo
474 1740 579 1802 genua
596 1718 800 1795 intremuere,
817 1718 963 1818 fugitque

171 1816 202 1869 et
219 1805 303 1868 color
321 1815 351 1868 et
368 1805 511 1889 sanguis,
530 1803 714 1887 animusque
731 1804 879 1886 rehnqmt
896 1815 1035 1869 euntem.

103 1907 154 1957 460
171 1911 297 1973 quoque
315 1911 372 1953 suo
390 1889 517 1974 propior
534 1890 644 1954 sceleri
662 1900 723 1966 est,
740 1890 842 1974 magis
860 1889 980 1966 horret,
999 1902 1032 1956 et
1050 1891 1119 1957 ausi

171 1975 323 2061 paenitet,
342 1985 373 2038 et
390 1975 484 2040 vellet
500 1995 564 2038 non
582 1975 709 2059 cognita
749 1996 818 2040 osse
835 1975 959 2039 reverti.

173 2070 372 2125 cunctantem
388 2061 544 2145 longaeva
560 2083 657 2123 manu
675 1998 816 2135 deducit,
834 2071 867 2124 et
884 2061 947 2124 alto

172 2147 332 2210 admotam
348 2147 430 2210 lecto
448 2168 521 2210 cum
538 2146 688 2222 traderet,
708 2145 870 2230 “accipe”
889 2145 978 2221 dixit,

173 2232 258 2296 “ista
274 2243 330 2295 tua
347 2243 408 2306 est,
428 2228 586 2315 Cinyra;’'
605 2232 783 2313 devotaque
800 2253 931 2315 corpora
948 2232 1063 2297 iunxit.

105 2334 155 2384 455
174 2317 287 2401 accipit
304 2317 441 2381 obsceno
457 2316 582 2402 genitor
600 2339 657 2380 sua
674 2317 796 2380 viscera
812 2317 904 2392 lecte,

172 2404 393 2488 virgineosque
411 2413 513 2466 metus
530 2402 615 2466 levat
632 2402 836 2484 hortaturque
854 2402 1028 2468 timentem.

173 2489 304 2553 forsitan
321 2487 431 2552 aetatis
449 2507 574 2571 quoque
591 2486 718 2552 nomine
736 2487 849 2550 “filia''
868 2487 961 2551 dixit:

174 2573 253 2637 dixit
276 2584 306 2638 et
323 2574 377 2638 illa
395 2573 539 2657 “pater,''
557 2573 665 2637 sceleri
683 2595 723 2638 ne
740 2573 869 2636 nomina
885 2573 999 2637 desint.

173 2661 267 2744 plena
284 2660 381 2744 patris
398 2658 543 2722 thalamis
561 2657 683 2722 excedit
701 2668 733 2722 et
748 2659 847 2742 impia
864 2658 932 2722 diro

106 2762 157 2810 4⁷0
175 2745 294 2809 semina
311 2744 372 2808 fert
389 2755 478 2808 utero
497 2754 711 2828 conceptaque
729 2744 860 2808 crimina
876 2755 991 2828 portat.

174 2840 300 2917 postera
316 2851 380 2893 nox
397 2829 520 2893 facinus
538 2829 692 2913 geminat3
710 2850 769 2893 nec
786 2830 856 2893 finis
874 2829 907 2891 in
924 2829 979 2893 illa
996 2840 1059 2894 est:

175 2939 248 2981 cum
264 2916 392 2980 tandem
411 2911 559 2999 Cinyras,
578 2914 689 2978 avidus
708 2935 897 2999 cognoscere
914 2927 1074 2982 amantem

174 3012 247 3086 post
263 3011 310 3065 tot
327 3000 526 3077 concubitus,
543 2999 630 3064 illato
648 2999 765 3064 lumine
784 3000 862 3064 vidit

176 3098 206 3152 et
225 3088 326 3151 scelus
344 3097 375 3150 et
392 3096 514 3149 natam:
533 3085 700 3168 verbisque
718 3086 825 3150 dolore
842 3085 971 3151 retentis

107 3190 157 3238 475
199 3172 325 3238 endenti
341 3171 475 3236 nitidum
493 3172 609 3256 vagina
626 3170 740 3256 deripit
757 3193 872 3236 ensem.

176 3272 191 3323 t
215 3257 310 3342 yrrha
327 3257 424 3342 fugit,
442 3257 641 3339 tenebrisque
659 3267 690 3320 et
707 3278 820 3321 caecae
836 3279 968 3322 munere
985 3257 1086 3324 noctis

175 3345 347 3427 intercepta
365 3341 433 3407 neci
452 3352 514 3419 est;
532 3342 674 3424 latosque
691 3352 808 3426 vagata
824 3364 881 3426 per
898 3364 992 3427 agros

175 3428 355 3514 palmiferos
373 3427 499 3492 Arabas
516 3427 748 3509 Panchaeaque
765 3450 840 3490 rura
855 3427 1015 3510 relinquit.

176 3536 295 3600 perque
312 3536 426 3578 novem
445 3514 559 3577 erravit
576 3512 735 3577 redeuntis
753 3534 871 3576 cornua
888 3513 994 3592 lunae,

108 3617 159 3666 480
177 3622 249 3664 cum
267 3600 394 3663 tandem
412 3610 494 3663 terra
511 3597 664 3682 requievit
682 3599 767 3662 fessa
785 3595 920 3663 Sabaea.

177 3685 293 3768 vixque
310 3684 390 3748 uteri
407 3683 552 3768 portabat
570 3706 659 3748 onus.
702 3694 769 3747 tum
787 3683 893 3748 nescia
910 3683 976 3749 voti

177 3781 272 3852 atque
289 3770 370 3833 inter
386 3769 557 3851 mortisque
575 3780 677 3832 metus
695 3780 727 3833 et
744 3769 849 3834 taedia
865 3769 950 3834 vitae

178 3867 226 3920 est
243 3854 320 3918 tales
338 3855 502 3939 complexa
518 3876 641 3939 preces:
660 3859 704 3918 “o
722 3854 749 3918 si
767 3875 831 3937 qua
847 3856 961 3939 patetis

177 3940 307 4004 numina
324 3940 488 4004 confessis:
507 3940 621 4016 merui,
638 3962 696 4004 nec
714 3940 801 4004 triste
818 3961 929 4004 recuso

109 4045 160 4099 455
178 4024 376 4110 supplicium.
420 4026 475 4090 sed
492 4048 532 4090 ne
549 4025 663 4089 violem
681 4025 833 4108 vivosque
851 4035 1011 4110 superstes

181 4120 367 4196 mortuaque
385 4110 551 4190 extinctos,
570 4111 723 4176 ambobus
740 4111 847 4196 pellite
864 4111 982 4198 reguis,
