2574 4478
175 294 239 362 240
508 307 541 362 Ρ.
560 307 685 363 OVIDII
700 306 863 364 ursonis

172 433 207 497 in
223 455 282 497 sua
298 454 489 508 mersurum3
506 432 668 514 mentique
684 431 836 496 haerebat
851 432 959 518 imago

106 538 156 587 205
172 518 323 604 temporis
339 517 437 594 illius,
455 538 519 601 quo
536 516 603 580 vidi
619 517 695 581 bina
710 539 853 582 meorum

172 616 221 669 ter
237 618 350 687 quater
366 602 467 688 affligi
483 601 641 667 sociorum
658 624 791 688 corpora
807 618 923 668 terrae:

172 712 245 755 cum
273 712 368 775 super
383 689 452 773 ipse
468 688 574 753 iacens
590 687 703 751 hirsuti
720 710 808 753 more
823 689 924 755 leonis

171 776 356 858 tiseeraque
373 788 406 839 et
422 797 532 839 earnes
549 794 685 856 eumque
702 774 783 837 albis
799 796 873 838 ossa
887 774 1037 840 medullis

173 860 435 942 semianimesque
452 872 538 924 artus
555 858 682 923 avidam
699 859 857 924 condebat
871 859 906 924 in
922 860 1043 925 alvum.

106 965 156 1014 21⁰
172 969 224 1010 me
240 957 358 1010 tremor
373 945 503 1009 invasit:
520 944 644 1009 stabam
661 944 729 1009 sine
746 945 902 1030 sangnine
919 960 1072 1022 maestus,

171 1031 435 1113 mandentemque
452 1030 563 1095 videns
580 1029 830 1114 eiectantemque
846 1044 994 1096 cruentas

171 1138 227 1181 ore
243 1117 342 1202 dapes
360 1131 392 1180 et
408 1115 510 1180 frusta
526 1138 613 1180 mero
630 1116 806 1200 glomerata
821 1130 1014 1194 vomentem,

171 1202 248 1267 talia
263 1202 307 1266 fin
331 1201 424 1267 ebam
440 1201 555 1266 misero
572 1201 650 1265 mihi
667 1201 735 1265 fata
750 1202 866 1286 parari.

171 1309 291 1373 perque
307 1225 376 1352 dies
392 1287 508 1351 multos
524 1287 651 1351 latitans
668 1308 857 1370 omnemque
874 1298 1066 1353 tremescens

105 1392 154 1441 215
173 1373 215 1437 ad
231 1373 411 1459 strepitum,
428 1386 625 1455 mortemque
641 1373 756 1437 timens
773 1372 972 1457 cupidusque
989 1374 1108 1451 moriri

171 1459 288 1544 glande
304 1458 422 1524 famem
439 1459 559 1543 pellens
577 1469 609 1522 et
625 1458 726 1522 mixta
742 1457 908 1522 frondibus
925 1459 1036 1537 herba,

172 1544 272 1620 solus,
290 1543 543 1629 inops,·exspes,
559 1543 622 1607 leto
639 1565 824 1628 poenaeque
840 1544 980 1621 relictus,

171 1628 254 1694 hane
270 1630 381 1714 procul
399 1628 508 1714 aspexi
524 1629 620 1714 longo
679 1640 708 1692 st
725 1642 867 1714 tempore
883 1652 1010 1707 navem,

172 1715 322 1798 oravique
339 1715 449 1800 fugam
467 1725 560 1799 gestu
577 1714 620 1778 ad
649 1715 773 1798 'tusque
791 1715 916 1780 eueurri

106 1819 156 1871 aaa
172 1812 204 1864 et
220 1800 320 1864 movi:
339 1798 538 1883 Graiumque
554 1799 630 1864 ratis
648 1799 788 1864 Troiana
804 1800 933 1885 recepit.

173 1897 208 1949 tu
224 1906 351 1969 quoque
367 1886 472 1971 pande
489 1897 575 1963 tuos,
593 1886 744 1949 comitum
761 1887 955 1971 gratissime,
973 1908 1079 1964 casus,

173 1982 204 2036 et
222 1970 311 2036 ducis
328 1981 361 2036 et
378 1970 504 2047 turbae,
522 1991 604 2053 quae
621 1982 727 2036 tecum
744 1984 792 2036 est
809 1971 930 2037 eredita
945 1972 1066 2056 ponto?

215 2056 341 2122 Aeolon
358 2055 410 2121 ille
427 2053 525 2120 refert
541 2056 648 2120 Tusoo
665 2079 800 2141 regnare
816 2057 987 2141 profundo,
1068 2072 1180 2139 (Aratu.)

172 2142 297 2207 Aeolon
315 2142 536 2227 Hippotaden,
554 2141 752 2207 cohibentem
770 2163 895 2207 earcere
911 2155 1040 2207 ventos:

105 2247 154 2296 2¹25
171 2249 252 2310 quos
269 2227 359 2292 bovis
376 2228 514 2292 inclusos
531 2239 631 2313 tergo,
649 2227 853 2293 memorabile
869 2250 997 2305 munus,

171 2312 357 2379 Dulichium
374 2312 546 2399 sumpsisse
563 2314 691 2379 dueem:
707 2314 849 2397 flatuque
866 2313 1006 2378 seeundo

171 2397 295 2463 lueibus
313 2399 375 2463 isse
391 2420 507 2463 novem
525 2409 556 2464 et
572 2409 689 2464 terram
705 2422 740 2464 as
781 2398 866 2464 xisse
882 2400 1030 2484 petitam:

171 2483 315 2584 proxima
331 2495 402 2569 post
419 2506 536 2548 nonam
554 2506 626 2548 eum
644 2507 713 2550 sese
764 2506 858 2550 urora
874 2496 1028 2563 moveret,

170 2569 290 2635 invidia
307 2570 406 2635 socios
423 2569 623 2655 praedaeque
641 2569 788 2656 cupidine
805 2570 915 2647 victos,

104 2672 155 2724 280
172 2676 241 2720 esse
258 2666 342 2720 ratos
361 2678 487 2730 aurum,
506 2655 678 2741 dempsisse
695 2656 846 2741 ligamina
863 2656 982 2721 ventis:

172 2762 244 2805 eum
262 2741 377 2824 quibus
394 2741 456 2806 isse
472 2752 566 2818 retro,
583 2763 641 2826 per
658 2763 738 2824 quas
754 2742 849 2806 modo
867 2753 998 2807 venerat
1015 2742 1123 2817 undas,

171 2826 340 2909 Aeoliique
357 2837 457 2892 ratem
474 2838 583 2912 portus
600 2828 752 2912 repetisse
769 2827 905 2940 tyranni.

171 2911 259 2976 ‘inde
276 2912 371 2976 Lami
389 2923 527 2977 veterem
544 2912 773 2998 Laestrygonis
805 2913 908 2996 inquit
924 2914 972 2978 ‘in
988 2913 1101 2978 urbem

171 2997 324 3062 venimus.
368 2997 558 3083 Antiphates
576 3009 660 3064 terra
677 2997 831 3083 regnabat
847 2999 881 3062 in
897 2998 961 3063 illa.

104 3098 153 3150 285
171 3082 285 3148 missus
303 3083 446 3148 adhunc
464 3105 524 3168 ego
542 3106 623 3160 sum,
640 3105 771 3148 numero
790 3084 958 3149 eomitante
976 3085 1121 3161 duorum,

170 3167 287 3269 vixque
305 3169 384 3255 fuga
401 3168 543 3252 quaesita
561 3171 645 3234 salus
664 3169 833 3253 coniitique
850 3168 1006 3254 mihique:

170 3264 278 3320 tertius
297 3277 315 3320 e
332 3254 423 3319 nobis
440 3254 668 3341 Laestrygonis
685 3255 783 3340 impia
801 3255 892 3319 tinxit

169 3361 226 3404 ora
242 3361 352 3406 eruore
369 3362 436 3404 suo.
480 3340 675 3424 fugientibus
692 3341 787 3405 instat
804 3352 835 3406 et
853 3363 969 3426 agmen

170 3425 305 3491 eoncitat
322 3426 524 3511 Antiphates.
569 3435 682 3491 coeunt
698 3437 731 3490 et
748 3449 826 3491 saxa
842 3426 1013 3510 trabesque

102 3529 152 3579 240
170 3511 340 3588 coniciunt,
359 3522 569 3597 merguntque
586 3511 668 3576 viros
686 3522 895 3597 merguntque
913 3514 1046 3578 carinas.

169 3618 233 3662 una
249 3609 369 3674 tamen,
387 3618 469 3681 quae
486 3619 544 3662 nos
561 3597 728 3682 ipsumque
746 3598 881 3663 vehebat
898 3596 1029 3675 Ulixen,
1070 3596 1175 3677 (arceat

169 3682 290 3769 effugit.
335 3684 449 3747 amissa
468 3684 623 3747 sociorum
640 3695 730 3769 parte
749 3683 889 3748 dolentes
1082 3664 1174 3728 Um]

169 3769 330 3852 multaque
349 3769 512 3852 conquesti
529 3769 620 3833 terris
639 3768 806 3833 allabimur
823 3768 895 3846 illis,

168 3873 247 3936 quas
256 3855 365 3938 procul
375 3854 448 3918 hine
458 3853 569 3919 cernis.
587 3855 697 3939 procul
708 3853 876 3932 hino,mihi
887 3853 1175 3932 erede,videndaest

102 3958 150 4009 aas
169 3938 285 4016 insula,
304 3939 372 4004 visa
389 3939 479 4004 mihil
520 3951 632 4023 tuque,
651 3961 669 4003 o
687 3939 856 4004 iustissime
874 3938 1008 4019 Troum,

168 4035 241 4089 nate
260 4024 319 4089 dea
336 4023 453 4108 (neque
472 4025 556 4090 enim
573 4024 661 4089 finito
696 4024 802 4091 Marte
819 4024 981 4090 vocandus

168 4108 266 4175 hostis
285 4132 333 4188 es,
351 4112 493 4196 Aenea),
511 4132 634 4188 moneo,
652 4109 729 4198 fuge
746 4112 838 4177 litora
856 4107 976 4177 Circes.
