2574 4478
291 340 336 409 40
600 355 638 412 ι.
657 357 781 413 ovrnn
799 356 961 414 nasonis

292 491 418 566 torquet
434 490 467 546 et
482 479 652 547 immensos
669 483 752 547 saltu
770 482 912 548 sinuatur
928 484 961 547 in
979 505 1080 560 arcus,

292 590 331 632 ao
347 567 452 632 media
468 569 539 652 plus
556 579 647 654 parte
664 569 750 634 leves
768 579 891 635 erectus
908 570 941 634 in
959 592 1052 633 auras

292 652 425 754 despicit
441 674 534 718 omne
551 677 677 730 nemus,
695 667 846 738 tantoque
864 667 912 719 est
929 677 1069 741 corpore,
1087 664 1217 738 quanto,

241 760 274 809 45
293 739 320 803 si
337 749 438 803 totum
455 750 543 825 spect
545 763 594 818 es,
611 740 754 825 geminas
772 742 827 823 qui
845 752 970 827 separat
957 742 1113 806 t.Arctos

292 846 352 890 nec
369 846 471 889 mora:
487 824 722 904 Phoenicas,
698 849 764 891 sive
781 827 826 890 illi
844 828 906 892 tela
922 828 1086 912 parabant,

293 912 358 975 sive
375 911 500 996 fugam,
518 912 585 977 sive
602 914 670 997 ipse
686 913 780 976 timor
796 913 1021 997 prohibebatu
999 924 1179 994 utrumque,

293 1008 437 1082 occupat.
480 997 538 1062 hos
556 1019 677 1075 morsu,
695 998 798 1083 longis
816 1000 1031 1099 complexibus
1048 1000 1129 1077 illos,

292 1082 351 1146 hos
367 1093 460 1147 necat
477 1083 572 1148 adflat
560 1094 592 1147 ta
608 1083 726 1148 funesti
744 1084 817 1148 tabe
835 1085 958 1148 veneni

241 1187 276 1238 oo
292 1168 410 1233 fecerat
428 1168 559 1254 exiguas
576 1170 638 1234 iam
657 1170 704 1234 sol
722 1170 890 1234 altissimus
908 1170 1051 1234 umbras·

292 1278 374 1338 quae
392 1276 481 1319 mora
498 1256 539 1320 sit
556 1257 663 1331 sociis,
681 1255 774 1320 mirat
775 1278 813 1319 ur
762 1257 1051 1341 tAgenoret
997 1280 1039 1319 na
1039 1266 1090 1320 tus

295 1341 495 1441 vestigatque
512 1341 605 1406 viros.
648 1341 787 1426 tegimen
804 1342 933 1427 derepta
950 1342 1033 1408 leoni

292 1426 384 1513 pellis
402 1437 484 1503 erat,
502 1429 601 1492 telum
618 1428 795 1512 splendenti
811 1428 922 1493 lancea
939 1428 1022 1492 ferro

294 1524 326 1578 et
341 1513 493 1591 iaculum,
512 1515 638 1615 teloque
656 1514 779 1578 animus
797 1526 957 1600 praestant
957 1515 1004 1578 ior
1021 1512 1115 1578 omni.

141 1670 142 1674 ,
242 1617 275 1668 oo
293 1610 329 1663 ut
345 1622 457 1664 nemus
473 1600 601 1664 intravit
617 1600 774 1700 letataque
792 1622 924 1685 corpora
941 1600 1020 1664 vidit

293 1686 508 1769 victoremque
515 1708 622 1785 supra
639 1685 769 1771 spatiosi
786 1686 924 1771 corporis
941 1685 1065 1750 hostem

292 1772 363 1836 trist
363 1772 393 1835 ia
411 1771 587 1857 sanguinea
602 1770 793 1836 lambentem
811 1773 942 1836 vulnera
959 1772 1078 1855 lingua,

294 1864 364 1922 ‘aut
381 1857 464 1921 ultor
481 1869 619 1934 vestrae,
637 1857 789 1921 fidissima
806 1879 951 1942 corpora,
968 1857 1087 1932 mortis,

294 1954 350 2008 aut
367 1944 486 2008 comes'
503 1942 606 2027 inquit
624 1943 712 2007 ‘ero'
757 1944 850 2020 dixit,
869 1944 942 2007 dext
931 1955 1041 2043 traqpe
1059 1904 1210 2007 uiolarem

244 2046 278 2098 to
295 2029 420 2094 sustulit
437 2040 469 2094 et
485 2052 637 2115 magnum
655 2051 771 2114 magno
790 2030 953 2094 conamine
971 2029 1064 2092 misit.

292 2115 376 2179 illius
388 2083 559 2216 impulsu
550 2137 623 2180 cum
640 2115 779 2179 turribus
797 2116 897 2179 ardua
914 2115 1005 2179 celsis

293 2200 418 2265 moenia
435 2212 521 2266 mota
538 2201 655 2265 forent.
674 2223 802 2301 serpens
820 2202 887 2265 sine
905 2201 1033 2264 vulnere
1051 2201 1177 2278 niensit,

293 2287 471 2371 loricaeque
489 2287 583 2351 modo
601 2287 740 2370 squamis
759 2287 907 2351 defensus
925 2298 957 2350 et
974 2298 1060 2351 atrae

294 2372 409 2438 duritia
425 2373 515 2458 pellis
533 2373 653 2437 validos
672 2385 744 2437 cute
761 2372 923 2458 reppulit
915 2384 1005 2436 1ctus.

243 2476 276 2527 65
294 2471 326 2523 at
343 2481 407 2523 non
424 2459 539 2523 duritia
555 2458 695 2523 iaculum
713 2480 839 2542 quoque
857 2458 932 2522 vicit
948 2458 1069 2534 eadem,

293 2545 379 2628 quod
396 2544 499 2608 medio
516 2545 621 2609 lentae
638 2544 747 2629 spinae
765 2544 945 2608 curvamine
963 2543 1062 2607 fixum

294 2630 445 2707 constitit3
464 2641 496 2695 et
511 2640 614 2694 totum
632 2630 819 2696 descendit
809 2654 842 2694 m
859 2630 914 2693 ilia
930 2629 1059 2694 ferrum.

293 2716 347 2780 ille
365 2679 472 2781 doloie
488 2716 578 2781 ferox
596 2726 692 2801 caput
709 2716 743 2779 in
759 2738 818 2780 sua
834 2726 924 2801 terga
941 2716 1065 2780 retorsit

294 2802 488 2884 vulneraque
506 2802 629 2887 aspexit
645 2801 807 2883 fixumque
824 2801 937 2865 hastile
954 2800 1132 2876 momordit,
1205 2876 1207 2884 k

244 2905 277 2955 ιο
294 2888 389 2987 idque
407 2888 510 2951 ubi
480 2910 512 2951 ιι
529 2887 628 2951 multa
645 2897 766 2971 partem
785 2886 958 2951 labefecit
949 2911 982 2951 ιιι
1000 2909 1136 2962 omnem,

294 2973 348 3036 vix
365 2983 453 3058 tergo
471 2972 600 3057 eripuit.
617 2971 737 3037 ferrum
754 2984 860 3037 tamen
878 2973 1000 3037 ossibus
1018 2972 1129 3036 haesit.
1220 3012 1223 3019 ·

293 3069 369 3122 tune
386 3080 461 3122 vero
477 3070 646 3143 postquam
664 3058 771 3122 solitas
789 3058 919 3123 accessit
936 3059 1002 3123 ad
994 3082 1056 3122 iras
1222 3096 1230 3173 q

294 3167 390 3208 causa
407 3166 529 3218 recens,
547 3144 647 3228 plenis
665 3155 848 3209 tumuerunt
864 3155 994 3229 guttura
1012 3144 1111 3221 venis,

294 3252 468 3314 spumaque
485 3230 651 3315 pestiferos
669 3230 856 3294 circumfluit
873 3230 979 3293 albida
996 3230 1103 3305 rictus,

244 3335 275 3385 75
294 3328 439 3398 terraque
455 3339 527 3380 rasa
544 3327 635 3379 sonat
652 3317 807 3399 squamis,
826 3315 943 3398 quique
961 3316 1076 3379 halitus
1095 3316 1159 3380 exit

293 3424 347 3466 ore
363 3403 454 3487 niger
472 3402 600 3486 Stygio,
617 3402 742 3465 vitiatas
760 3402 859 3465 inficit
876 3424 979 3465 auras.

292 3488 374 3588 ipse·
377 3489 497 3550 modo
489 3510 677 3551 immensum
696 3488 787 3572 spiris
804 3487 920 3552 facient
921 3488 993 3551 ibus
1011 3487 1120 3550 orbem

293 3575 366 3658 cing
367 3599 376 3636 1
378 3585 437 3649 ur
455 3573 502 3637 int
490 3574 614 3637 terdum
631 3574 727 3658 longa
743 3573 833 3637 trabe
851 3585 917 3637 rect
918 3573 964 3637 ior
985 3584 1076 3648 astat,

292 3660 407 3742 impete
425 3681 509 3723 nunc
527 3670 617 3723 vasto
635 3680 693 3724 ceu
712 3659 815 3723 concit
815 3682 853 3722 us
803 3659 1023 3722 timbribus
1043 3656 1143 3722 amnis

241 3763 275 3815 80
292 3745 440 3808 ferturt
408 3758 440 3809 et
458 3745 618 3809 obstantes
636 3756 707 3829 prot
695 3745 801 3808 turbat
818 3757 944 3829 pectore
962 3745 1067 3809 silvas.

292 3830 372 3893 cedit
392 3831 590 3915 Agenorides
609 3830 739 3914 paulum
758 3831 920 3915 spolioque
937 3830 1036 3894 leonis

292 3915 425 3979 sustinet
442 3916 586 3980 incursus
604 3916 816 3998 instantiaque
834 3938 890 3979 ora
906 3915 1045 3981 retardat

292 4000 422 4084 cuspide
439 4012 611 4086 praetenta.
655 4001 730 4065 furit
747 4002 799 4065 ille
817 4012 848 4066 et
864 4001 970 4101 inania
987 4001 1067 4065 duro

291 4087 422 4149 vulnera
440 4086 493 4150 dat
511 4087 594 4151 ferro
612 4087 769 4188 figitque
760 4110 792 4150 ιιι
811 4086 955 4151 acumine
974 4087 1093 4153 dentes.

240 4192 272 4246 85
290 4171 417 4259 iamque
435 4172 616 4239 venenifero
635 4173 764 4261 sanguis
781 4196 909 4239 manare
927 4173 1032 4261 palato
