2574 4478
170 261 233 333 124
499 277 532 334 P.
552 276 675 336 onon
692 272 854 335 nascens

102 423 152 475 890
169 401 297 488 aspicio.
341 400 452 489 fugere
469 403 544 478 hoc,
562 402 641 467 illud
655 412 781 486 captare
788 412 926 486 putares.

169 489 289 554 scilicet
305 488 438 552 invictos
456 487 549 551 ambo
567 488 737 552 certamine
755 509 868 552 cursus

170 597 239 640 esse
256 575 334 638 deus
352 573 466 647 voluit,
485 573 511 637 si
529 572 599 657 quis
618 573 696 638 deus
714 572 816 636 adfuit
832 571 914 636 illis?

169 659 336 734 hactenus,
354 669 385 723 et
401 658 508 722 tacuit.
553 658 670 722 ‘iaculo
688 658 774 741 quod
792 657 909 722 crimen
926 656 961 720 in
977 656 1046 742 ipso
1063 654 1136 721 estl’

169 744 298 809 Phocus
316 745 369 808 ait.
412 743 507 807 iaculi
524 743 569 807 sic
587 743 718 807 crimina
734 742 871 808 reddidit
887 742 949 808 ille.

103 850 153 900 795
212 828 356 896 ‘Gaudia
373 829 563 914 principium
579 829 677 892 nostri
695 839 782 905 sunt,
800 827 923 905 Phoce,
942 828 1067 893 doloris.

170 916 224 980 illa
240 916 328 1000 prius
346 914 490 979 referam.
534 913 622 978 iuvat
639 936 658 977 o
674 914 856 979 meminisse
873 913 958 977 beati

170 1000 334 1085 temporis,
352 1000 507 1076 Aeacida,
526 1021 589 1083 quo
606 999 724 1084 primos
740 999 799 1064 rite
816 1021 873 1084 per
889 1020 990 1064 annos

171 1086 305 1170 coniuge
323 1108 409 1150 eram
426 1084 518 1160 felix,
536 1084 612 1149 felix
630 1094 697 1149 erat
713 1085 768 1149 illa
784 1085 907 1149 marito.

171 1181 282 1235 mutua
299 1192 375 1235 cura
393 1169 472 1234 duos
490 1182 521 1235 et
538 1192 626 1234 amor
644 1169 767 1235 sociahs
784 1169 931 1236 habebat.

103 1275 154 1324 800
170 1278 229 1321 nec
246 1256 332 1320 Iovis
349 1255 403 1319 illa
420 1277 491 1320 meo
508 1255 663 1320 thalamos
680 1255 853 1340 praeferret
870 1255 981 1330 amori,

170 1364 243 1418 nec,
261 1363 313 1406 me
330 1362 412 1424 quae
430 1351 573 1426 caperet,
589 1362 654 1406 non
672 1341 699 1405 si
716 1341 826 1406 Venus
844 1340 914 1426 ipsa
930 1341 1060 1418 veniret,

171 1428 236 1491 ulla
253 1436 334 1490 erat:
352 1426 499 1508 aequales
515 1426 649 1491 urebant
665 1437 792 1512 pectora
808 1427 964 1492 flammae.

58 1595 59 1599 Ἰ
172 1513 237 1576 sole
254 1511 320 1576 fere
337 1512 432 1575 radiis
449 1511 581 1576 feriente
598 1512 763 1577 cacumina
779 1511 888 1597 primis

172 1607 321 1662 venatum
338 1596 371 1659 in
389 1597 483 1661 silvas
500 1597 686 1662 iuvenaliter
702 1598 747 1662 ire
766 1598 920 1662 solebam:

104 1698 154 1748 805
171 1704 232 1747 nec
248 1704 373 1746 mecum
390 1682 525 1747 famulos
542 1705 602 1748 nac
619 1704 716 1766 equos
734 1705 792 1748 nec
809 1683 938 1747 naribus
956 1705 1044 1747 acres

171 1769 217 1832 ire
235 1789 344 1843 canes,
360 1789 419 1831 neo
436 1768 501 1831 lina
518 1767 608 1851 sequi
625 1769 745 1833 nodosa
763 1768 918 1833 sinebam:

131 1870 135 1877 ⁴
173 1863 260 1917 tutus
278 1853 494 1917 eramiacu10.
538 1853 595 1918 sed
612 1875 684 1917 cum
703 1854 815 1918 satiata
832 1853 951 1918 ferinae

173 1939 303 2003 dextera
320 1938 424 2002 caedis
442 1948 523 2012 erat,
540 1939 722 2022 repetebam
739 1938 840 2023 frigus
858 1949 891 2003 et
907 1938 1046 2017 umbras,

174 2035 205 2089 et
222 2046 304 2107 quae
321 2023 360 2087 de
377 2023 489 2107 gelidis
508 2025 612 2088 exalat
628 2024 778 2100 vallibus,
797 2046 917 2088 auram.

105 2127 156 2176 810
174 2132 251 2173 aura
268 2109 434 2195 petebatur
451 2109 555 2172 medio
572 2108 651 2172 mihi
667 2109 746 2173 lenis
763 2109 796 2172 in
813 2120 917 2173 aestu:

173 2217 282 2259 auram
300 2194 519 2278 expectabam:
537 2194 661 2278 requies
679 2205 747 2259 erat
762 2194 816 2258 illa
832 2193 943 2259 labori.

173 2279 305 2357 “aura''
322 2278 484 2359 (recordor
500 2279 598 2363 enim)
616 2279 779 2357 “venias''
798 2290 926 2345 cantare
943 2279 1092 2357 solebam,

174 2372 311 2449 “meque
328 2365 433 2442 iuves,
451 2363 610 2448 intresque
628 2365 729 2441 sinus,
745 2365 939 2450 gratissima,
957 2377 1092 2430 nostros:

173 2462 271 2534 utque
288 2450 381 2526 facis,
398 2451 537 2515 relevare
555 2451 647 2527 velis,
665 2451 780 2534 quibus
797 2450 932 2527 urimur,
950 2451 1084 2515 aestus.”

106 2554 155 2603 815
173 2536 304 2600 forsitan
322 2535 496 2601 addiderim
512 2571 556 2582 —
573 2536 617 2600 sic
634 2560 685 2601 me
703 2559 774 2602 mea
790 2535 857 2600 fata
874 2535 1041 2601 trahebant
1056 2572 1099 2582 -·

173 2621 340 2685 blanditias
357 2622 463 2706 plures
481 2631 513 2685 et
530 2627 590 2685 “tu
607 2621 685 2685 mihi
701 2643 819 2706 magna
835 2622 1005 2707 voluptas”

174 2706 355 2770 diaeresim
373 2707 496 2783 solitus,
514 2711 575 2771 “tu
592 2729 643 2770 me
660 2708 824 2790 reficisque
842 2707 1009 2790 fovesque:

173 2802 209 2855 tu
226 2791 318 2867 facis,
336 2802 372 2855 ut
389 2792 497 2868 silvas,
515 2803 551 2856 ut
568 2815 671 2858 amem
687 2793 758 2857 loca
774 2793 854 2869 sola3
871 2815 1007 2877 meoque

174 2877 299 2961 spiritus
317 2877 375 2940 iste
393 2887 467 2940 tuus
486 2900 609 2962 semper
627 2888 769 2962 captatur
787 2878 827 2942 ab
845 2878 928 2943 ore.”

106 2980 157 3030 820
174 2962 304 3026 vocibus
322 2962 478 3046 ambiguis
496 2963 659 3047 deceptam
675 2963 820 3048 praebuit
837 2986 946 3028 aurem

173 3047 279 3110 nescio
297 3047 381 3129 quis,
400 3069 577 3130 nomenque
594 3071 689 3113 aurae
707 3059 772 3112 tam
789 3071 883 3134 saepe
901 3061 1048 3116 vocatum

174 3155 242 3196 esse
259 3143 350 3216 putat
366 3132 538 3217 nymphae3
557 3134 729 3218 nympham
746 3157 798 3199 me
816 3134 916 3199 credit
932 3158 1048 3201 amare.

174 3217 311 3281 criminis
329 3220 486 3302 extemplo
504 3219 570 3282 ficti
586 3220 770 3284 temerarius
787 3219 884 3285 index

173 3301 305 3366 Procrin
322 3303 387 3367 adit
403 3304 575 3388 linguaque
593 3304 689 3370 refert
706 3305 813 3369 audita
830 3328 968 3370 susurra.

106 3407 156 3456 825
175 3389 302 3452 credula
318 3411 368 3452 res
386 3410 474 3452 amor
491 3401 547 3453 est.
591 3389 695 3454 subito
713 3391 852 3475 collapsa
869 3391 986 3468 dolore,

173 3486 209 3538 ut
227 3474 285 3536 sibi
303 3489 455 3550 narratur,
474 3475 600 3552 cecidit,
617 3476 775 3559 longoque
792 3476 911 3540 refecta

174 3570 314 3643 tempore
333 3582 366 3622 se
383 3560 543 3636 miseram,
561 3583 595 3626 se
612 3561 670 3624 fati
688 3560 766 3624 dixit
782 3560 894 3644 iniqui:

175 3645 277 3725 deque
293 3644 355 3709 fide
374 3656 486 3728 questa
503 3655 551 3710 est
568 3657 599 3711 et
616 3645 745 3710 crimine
763 3646 887 3711 concita
902 3669 996 3724 vano,

175 3730 260 3813 quod
277 3729 354 3791 nihil
372 3742 433 3806 est,
451 3730 575 3805 metuit,
592 3731 705 3796 metuit
722 3730 788 3795 sine
807 3753 937 3816 corpore
954 3756 1069 3798 nomen

107 3834 157 3883 830
175 3829 205 3878 et
223 3814 308 3878 dolet
325 3815 434 3880 infelix
452 3815 549 3879 veluti
567 3815 606 3880 de
624 3816 743 3900 paelice
760 3837 844 3881 vera.

175 3922 268 3982 saepe
285 3910 391 3965 tamen
409 3900 532 3964 dubitat
548 3912 714 3986 speratque
730 3901 905 3966 miserrima
921 3902 990 3968 falli

173 3984 342 4068 iudiciique
368 3985 463 4051 fidem
480 3996 576 4071 negat
593 3997 638 4063 et,
655 3987 717 4052 nisi
734 3985 847 4051 viderit
864 3987 943 4073 ipsa,

175 4069 361 4140 damnatura
378 4071 426 4141 sui
443 4093 507 4142 uon
524 4081 573 4142 est
590 4071 704 4144 delicta
720 4072 833 4145 mariti·
