2574 4478
263 323 630 385 uerrucaruosucu
646 327 720 383 uu.
737 327 790 384 111.
810 327 954 386 cro-cu.
1078 280 1128 383 53*

97 449 148 519 his
166 473 295 535 quoque
312 451 368 515 des
385 449 542 515 veniam.''
585 457 667 537 “pro
685 452 776 517 nobis
793 452 882 517 mitte
899 451 1052 539 precari,''

97 537 217 624 Dictys
235 538 292 613 ait,
311 558 373 621 quo
391 559 455 601 non
472 537 553 601 alius
571 538 781 604 conscendere
798 561 937 604 summas
1138 559 1188 610 615

99 623 187 689 ocior
205 634 368 688 antemnas
385 644 563 708 prensoque
580 624 713 688 rudente
730 624 838 689 relabi.

99 709 161 774 hcc
179 709 297 794 Libys,
315 708 375 772 hoc
392 709 508 784 flavus,
525 730 638 794 prorae
656 710 768 786 tutela,
785 709 980 788 Melanthus,

99 794 162 860 hcc
178 795 293 880 probat
309 793 498 858 Alcimedon
517 805 562 871 et,
579 794 634 877 qui
651 795 856 878 requiemque
872 796 1066 882 modumque

99 903 180 945 voce
198 880 295 944 dabat
311 879 420 957 remis,
438 879 614 943 animorum
632 880 772 944 hortator
789 879 966 982 Epopeus‚'

99 967 162 1031 hoc
179 987 288 1030 omues
306 965 368 1029 alii.
411 965 547 1050 praedae
565 976 629 1030 tam
649 988 743 1031 caeca
760 967 875 1051 cuprdo
893 978 951 1034 est.
1138 987 1189 1038 620

100 1059 190 1116 “nou
209 1063 315 1115 tamen
332 1050 415 1115 hano
432 1073 521 1115 sacro
540 1051 650 1116 violari
667 1052 806 1138 pondere
823 1052 934 1137 pinum

99 1137 283 1240 perpetiar''
302 1136 380 1199 dixi:
400 1142 497 1220 “pars
515 1136 567 1201 hic
583 1135 662 1201 mihi
679 1137 817 1201 maxima
834 1136 942 1202 iuris.'’

99 1244 197 1307 rnque
216 1222 304 1286 aditu
322 1221 451 1285 obsisto.
494 1220 571 1286 furit
588 1223 815 1287 audacissimus
833 1224 919 1287 omni

101 1310 141 1374 de
159 1329 292 1373 numero
309 1307 472 1393 Lycabas,
491 1307 546 1390 qui
562 1307 670 1372 Tusca
687 1309 797 1393 pulsus
815 1309 856 1374 ab
873 1308 953 1375 urbe

100 1395 231 1460 exilium
249 1393 318 1458 dira
333 1415 468 1479 poenam
486 1415 544 1478 pro
563 1394 659 1459 caede
676 1394 794 1459 luebat.
1138 1413 1189 1464 625

99 1481 127 1546 is
144 1479 236 1555 mihi,
255 1479 331 1543 dum
347 1489 444 1557 resto,
462 1478 600 1544 iuvenali
617 1490 747 1565 guttura
763 1502 871 1566 pugno

100 1566 201 1653 rupit,
221 1575 252 1630 et
269 1587 437 1630 excussum
454 1565 590 1631 misisset
608 1565 641 1630 in
659 1587 811 1649 aequora,
831 1567 857 1630 si
875 1587 939 1630 uon

100 1652 288 1728 haesissem,
306 1651 451 1734 quamvis
469 1674 577 1716 amens
582 1697 592 1727 ‚
609 1651 643 1715 in
660 1651 736 1716 fune
753 1662 903 1716 retentus.

100 1739 200 1825 impia
217 1736 312 1801 turba
328 1736 441 1822 probat
458 1737 589 1802 factum.
632 1748 699 1802 tum
718 1737 854 1820 denique
871 1735 1019 1803 Bacchus
1034 1772 1080 1786 -

100 1822 250 1889 Bacchus
269 1822 351 1887 enim
369 1821 473 1887 fuerat
488 1859 532 1869 —
549 1823 647 1888 veluti
665 1823 801 1888 clamore
818 1823 939 1887 solutus
1139 1843 1190 1893 680

101 1911 142 1974 sit
160 1929 265 1994 sopor,
282 1929 364 1992 aque
381 1930 469 1973 mero
486 1909 618 1973 redeant
633 1908 667 1973 iu
684 1920 813 1994 pectora
831 1930 952 1986 sensus,

102 1994 208 2079 “quid
224 1992 346 2057 facitis?
363 1994 433 2076 quis
452 1994 610 2058 clamor?'’
628 1995 686 2072 ait,
706 2001 796 2078 “qua
813 1993 937 2076 (dicite,
954 1992 1101 2080 nautael)

101 2080 165 2145 huc
182 2101 243 2164 ope
260 2079 409 2164 perveni?
427 2101 490 2162 quo
508 2102 559 2144 me
577 2080 699 2144 deferre
715 2079 875 2166 paratisl'’

101 2173 211 2252 “pone
229 2164 379 2241 metum‚’'
396 2164 536 2229 Proreus
555 2170 611 2229 “et
629 2186 709 2248 quos
727 2165 910 2251 contingere
926 2175 1048 2251 portus,

101 2254 175 2329 ede,
194 2250 303 2328 velis,''
322 2250 414 2314 dixit:
432 2256 542 2316 “terra
558 2251 667 2315 sistere
684 2250 812 2336 petita.''
1140 2273 1190 2322 635

101 2335 268 2402 “Naxon’'
287 2336 331 2399 ait
348 2335 448 2400 Liber
466 2342 602 2401 “cursus
620 2337 772 2401 advertite
790 2347 922 2402 vestros.

100 2425 156 2489 illa
172 2422 251 2486 mihi
268 2422 381 2486 domus
400 2432 461 2486 estr
479 2421 569 2497 vobis
587 2422 647 2487 erit
663 2420 788 2507 hospita
805 2421 929 2486 tellus.”

100 2533 158 2597 per
175 2531 263 2573 marc
280 2507 409 2572 fallaces
425 2529 546 2593 perque
564 2507 670 2571 omnia
685 2507 817 2572 numina
833 2508 940 2572 iurant

100 2597 147 2660 sic
164 2595 247 2670 fore,
264 2614 379 2676 meque
395 2593 506 2658 iubent
522 2593 625 2679 pictae
644 2593 719 2657 dare
737 2593 808 2658 vela
825 2593 960 2658 carinae.

100 2682 233 2747 dextera
251 2678 362 2744 Naxus
378 2689 456 2744 erat.
500 2678 610 2745 dextra
627 2678 706 2742 mihi
721 2678 818 2744 lintea
836 2679 923 2743 danti
1140 2701 1190 2750 640

100 2765 205 2850 “quid
221 2764 315 2842 facis,
333 2785 353 2828 o
370 2763 519 2829 demens?
536 2765 606 2849 quis
624 2775 656 2830 te
673 2763 785 2829 furor''
803 2765 907 2848 inquit
924 2761 1080 2850 Opheltes

100 2849 346 2939 “persequitur?
362 2850 501 2915 retinel’'
520 2851 669 2916 “laevam
685 2851 782 2935 pete’'
801 2850 939 2915 maxima
956 2861 1036 2915 nutu

99 2960 175 3025 pars
193 2936 271 3000 mihi
288 2935 459 3021 significat,
477 2959 566 3021 pars,
584 2936 662 3019 quid
679 2936 769 3013 velit,
787 2959 841 3001 ore
859 2947 1010 3000 susurrat.

100 3022 257 3108 obstipui,
275 3021 493 3107 “capiat''que
512 3021 616 3085 “alius
633 3021 872 3086 moderamina''
892 3021 957 3086 dixi

97 3131 215 3192 meque
231 3106 407 3172 ministerio
426 3107 614 3190 scelerisque
632 3107 770 3190 artisque
786 3107 917 3172 removi.
1139 3127 1188 3178 645
1220 3129 1223 3134 ·

98 3197 246 3279 increper
262 3216 282 3257 a
299 3192 434 3268 cunctis,
452 3202 615 3276 totumque
642 3193 853 3257 inmurmurat
871 3215 996 3278 agmen.

98 3305 116 3346 e
135 3278 442 3364 quibusAethalion
460 3283 516 3342 “te
533 3277 652 3342 scilicet
669 3278 770 3343 omnis
786 3279 820 3343 in
838 3300 901 3342 uno

97 3376 209 3432 nostra
226 3365 310 3429 salus
328 3364 430 3448 posita
448 3363 533 3427 estl''
552 3364 597 3428 ait
613 3374 644 3428 et
662 3363 747 3428 subit
762 3364 831 3449 ipse
848 3386 1018 3448 meumque

98 3451 207 3537 explet
223 3472 317 3535 opus,
335 3450 492 3533 Naxoque
508 3449 587 3535 petit
604 3449 728 3514 diversa
745 3450 864 3515 relicta.

97 3550 167 3602 tum
186 3536 265 3600 deus
281 3536 432 3611 illudens,
444 3546 608 3618 tamquam
620 3535 714 3599 modo
733 3535 868 3619 denique
885 3536 1030 3601 fraudem
1138 3556 1189 3608 650

98 3622 246 3699 senserit,
265 3644 282 3686 e
299 3620 399 3707 puppi
415 3631 548 3706 pontum
565 3631 746 3706 prospectat
762 3621 887 3686 adunca

98 3722 130 3774 et
147 3706 236 3772 flenti
255 3706 363 3770 similis
377 3713 470 3771 “non
488 3705 567 3771 haec
584 3705 662 3770 mihi
679 3707 784 3782 litora,
802 3717 928 3784 nautae,

97 3792 310 3879 promisistis’'
330 3792 388 3869 ait,
407 3799 496 3857 “non
514 3791 594 3856 haec
611 3791 688 3856 mihi
705 3802 788 3856 terra
805 3802 917 3877 rogata
934 3803 991 3858 est.

97 3900 162 3963 quo
179 3877 283 3943 merui
298 3899 435 3979 poenam
452 3877 556 3942 facto?
574 3898 656 3960 quae
673 3878 774 3962 gloria
791 3888 897 3942 vestra
914 3889 971 3957 est,

97 3965 125 4030 si
143 3986 279 4051 puerum
296 3985 442 4040 ruvenes,
460 3963 487 4027 si
504 3962 596 4026 multi
612 3962 721 4028 fallitis
738 3962 880 4026 unum?''
1137 3983 1185 4035 655

95 4050 286 4116 iamdudum
302 4049 427 4114 flebam.
470 4048 616 4113 lacrimas
634 4071 746 4113 manus
763 4048 861 4133 impia
876 4059 1000 4116 nostras

98 4137 180 4205 ridet
198 4145 231 4205 et
247 4133 381 4223 impellit
396 4135 641 4224 properantibus
659 4155 797 4222 aequora
813 4134 918 4203 remis.
