<?xml version="1.0" encoding="UTF-8"?>
<!DOCTYPE html PUBLIC "-//W3C//DTD XHTML 1.0 Transitional//EN"
    "http://www.w3.org/TR/xhtml1/DTD/xhtml1-transitional.dtd">
<html xmlns="http://www.w3.org/1999/xhtml" xml:lang="en" lang="en">
 <head>
  <title>
</title>
<meta http-equiv="Content-Type" content="text/html;charset=utf-8" />
  <meta name='ocr-system' content='tesseract 3.04.00' />
  <meta name='ocr-capabilities' content='ocr_page ocr_carea ocr_par ocr_line ocrx_word'/>
</head>
<body>
  <div class='ocr_page' id='page_1' title='image "./carmina03ovidgoog_0260.png"; bbox 0 0 2574 4478; ppageno 0'>
   <div class='ocr_carea' id='block_1_1' title="bbox 151 206 1124 299">
    <p class='ocr_par' dir='ltr' id='par_1_1' title="bbox 151 206 1124 299">
     <span class='ocr_line' id='line_1_1' title="bbox 151 206 1124 299; baseline -0.005 -2"><span class='ocrx_word' id='word_1_1' title='bbox 151 206 155 219; x_wconf 61' lang='grc'><em>“</em></span> <span class='ocrx_word' id='word_1_2' title='bbox 260 240 627 299; x_wconf 80' lang='lat' dir='ltr'>imrauoarnosnou</span> <span class='ocrx_word' id='word_1_3' title='bbox 643 243 717 297; x_wconf 79' lang='lat' dir='ltr'>mn.</span> <span class='ocrx_word' id='word_1_4' title='bbox 735 243 802 297; x_wconf 89' lang='lat' dir='ltr'>xn.</span> <span class='ocrx_word' id='word_1_5' title='bbox 821 243 964 298; x_wconf 78' lang='lat' dir='ltr'>als-305.</span> <span class='ocrx_word' id='word_1_6' title='bbox 1059 225 1124 293; x_wconf 82' lang='lat'>205</span> 
     </span>
    </p>
   </div>
   <div class='ocr_carea' id='block_1_2' title="bbox 95 362 1087 4124">
    <p class='ocr_par' dir='ltr' id='par_1_2' title="bbox 101 362 911 622">
     <span class='ocr_line' id='line_1_2' title="bbox 102 362 891 452; baseline -0.004 -22"><span class='ocrx_word' id='word_1_7' title='bbox 102 365 318 452; x_wconf 83' lang='lat' dir='ltr'>depressitque</span> <span class='ocrx_word' id='word_1_8' title='bbox 336 366 430 443; x_wconf 90' lang='lat' dir='ltr'>duos,</span> <span class='ocrx_word' id='word_1_9' title='bbox 448 367 588 430; x_wconf 81' lang='lat' dir='ltr'>Brotean</span> <span class='ocrx_word' id='word_1_10' title='bbox 606 375 637 431; x_wconf 95' lang='lat' dir='ltr'>et</span> <span class='ocrx_word' id='word_1_11' title='bbox 655 362 766 430; x_wconf 89' lang='lat' dir='ltr'>Orion.</span> <span class='ocrx_word' id='word_1_12' title='bbox 811 362 891 428; x_wconf 92' lang='lat' dir='ltr'>Orio</span> 
     </span>
     <span class='ocr_line' id='line_1_3' title="bbox 101 450 911 537; baseline -0.002 -21"><span class='ocrx_word' id='word_1_13' title='bbox 101 463 204 516; x_wconf 85' lang='lat' dir='ltr'>mater</span> <span class='ocrx_word' id='word_1_14' title='bbox 221 463 288 517; x_wconf 88' lang='lat' dir='ltr'>erat</span> <span class='ocrx_word' id='word_1_15' title='bbox 305 451 448 537; x_wconf 83' lang='lat' dir='ltr'>Mycale,</span> <span class='ocrx_word' id='word_1_16' title='bbox 468 473 563 535; x_wconf 91' lang='lat' dir='ltr'>quam</span> <span class='ocrx_word' id='word_1_17' title='bbox 582 450 751 516; x_wconf 91' lang='lat' dir='ltr'>deduxisse</span> <span class='ocrx_word' id='word_1_18' title='bbox 769 451 911 514; x_wconf 89' lang='lat' dir='ltr'>canendo</span> 
     </span>
     <span class='ocr_line' id='line_1_4' title="bbox 102 536 820 622; baseline -0.007 -20"><span class='ocrx_word' id='word_1_19' title='bbox 102 560 197 622; x_wconf 84' lang='lat' dir='ltr'>saepe</span> <span class='ocrx_word' id='word_1_20' title='bbox 215 538 382 602; x_wconf 83' lang='lat' dir='ltr'>reluctanti</span> <span class='ocrx_word' id='word_1_21' title='bbox 400 537 565 602; x_wconf 82' lang='lat' dir='ltr'>constabat</span> <span class='ocrx_word' id='word_1_22' title='bbox 582 559 700 600; x_wconf 90' lang='lat' dir='ltr'>cornua</span> <span class='ocrx_word' id='word_1_23' title='bbox 716 536 820 600; x_wconf 89' lang='lat' dir='ltr'>lunae.</span> 
     </span>
    </p>

    <p class='ocr_par' dir='ltr' id='par_1_3' title="bbox 102 619 902 791">
     <span class='ocr_line' id='line_1_5' title="bbox 102 619 895 707; baseline -0.004 -21"><span class='ocrx_word' id='word_1_24' title='bbox 102 629 193 686; x_wconf 90' lang='lat' dir='ltr'>“non</span> <span class='ocrx_word' id='word_1_25' title='bbox 209 622 339 707; x_wconf 89' lang='lat' dir='ltr'>impune</span> <span class='ocrx_word' id='word_1_26' title='bbox 356 623 454 698; x_wconf 81' lang='lat' dir='ltr'>feres,</span> <span class='ocrx_word' id='word_1_27' title='bbox 472 623 526 688; x_wconf 91' lang='lat' dir='ltr'>teli</span> <span class='ocrx_word' id='word_1_28' title='bbox 543 622 637 685; x_wconf 90' lang='lat' dir='ltr'>modo</span> <span class='ocrx_word' id='word_1_29' title='bbox 656 621 747 706; x_wconf 89' lang='lat' dir='ltr'>copia</span> <span class='ocrx_word' id='word_1_30' title='bbox 765 619 895 685; x_wconf 88' lang='lat' dir='ltr'>deturl&#39;’</span> 
     </span>
     <span class='ocr_line' id='line_1_6' title="bbox 102 705 902 791; baseline -0.003 -18"><span class='ocrx_word' id='word_1_31' title='bbox 102 709 225 773; x_wconf 85' lang='lat' dir='ltr'>dixerat</span> <span class='ocrx_word' id='word_1_32' title='bbox 242 708 395 785; x_wconf 83' lang='lat' dir='ltr'>Exadius,</span> <span class='ocrx_word' id='word_1_33' title='bbox 414 709 530 791; x_wconf 91' lang='lat' dir='ltr'>telique</span> <span class='ocrx_word' id='word_1_34' title='bbox 548 707 644 772; x_wconf 90' lang='lat' dir='ltr'>habet</span> <span class='ocrx_word' id='word_1_35' title='bbox 661 707 770 781; x_wconf 89' lang='lat' dir='ltr'>instar,</span> <span class='ocrx_word' id='word_1_36' title='bbox 787 705 820 768; x_wconf 90' lang='lat' dir='ltr'>in</span> <span class='ocrx_word' id='word_1_37' title='bbox 838 706 902 771; x_wconf 86' lang='lat' dir='ltr'>alta</span> 
     </span>
    </p>

    <p class='ocr_par' dir='ltr' id='par_1_4' title="bbox 102 790 801 879">
     <span class='ocr_line' id='line_1_7' title="bbox 102 790 801 879; baseline -0.003 -22"><span class='ocrx_word' id='word_1_38' title='bbox 102 815 184 876; x_wconf 90' lang='lat' dir='ltr'>quae</span> <span class='ocrx_word' id='word_1_39' title='bbox 203 793 328 858; x_wconf 88' lang='lat' dir='ltr'>fuerant</span> <span class='ocrx_word' id='word_1_40' title='bbox 345 794 437 879; x_wconf 90' lang='lat' dir='ltr'>pinu,</span> <span class='ocrx_word' id='word_1_41' title='bbox 454 793 552 857; x_wconf 89' lang='lat' dir='ltr'>votivi</span> <span class='ocrx_word' id='word_1_42' title='bbox 570 815 689 857; x_wconf 88' lang='lat' dir='ltr'>cornua</span> <span class='ocrx_word' id='word_1_43' title='bbox 706 790 801 856; x_wconf 88' lang='lat' dir='ltr'>cervi.</span> 
     </span>
    </p>

    <p class='ocr_par' dir='ltr' id='par_1_5' title="bbox 98 877 1004 1389">
     <span class='ocr_line' id='line_1_8' title="bbox 100 877 895 963; baseline -0.003 -21"><span class='ocrx_word' id='word_1_44' title='bbox 100 879 209 963; x_wconf 87' lang='lat' dir='ltr'>figitur</span> <span class='ocrx_word' id='word_1_45' title='bbox 226 878 299 943; x_wconf 89' lang='lat' dir='ltr'>hinc</span> <span class='ocrx_word' id='word_1_46' title='bbox 317 879 435 963; x_wconf 88' lang='lat' dir='ltr'>duplici</span> <span class='ocrx_word' id='word_1_47' title='bbox 453 877 602 962; x_wconf 88' lang='lat' dir='ltr'>Gryneus</span> <span class='ocrx_word' id='word_1_48' title='bbox 620 877 654 941; x_wconf 93' lang='lat' dir='ltr'>in</span> <span class='ocrx_word' id='word_1_49' title='bbox 670 877 791 941; x_wconf 90' lang='lat' dir='ltr'>lumina</span> <span class='ocrx_word' id='word_1_50' title='bbox 810 877 895 941; x_wconf 88' lang='lat' dir='ltr'>vallo</span> 
     </span>
     <span class='ocr_line' id='line_1_9' title="bbox 102 961 971 1048; baseline -0.002 -20"><span class='ocrx_word' id='word_1_51' title='bbox 102 963 284 1046; x_wconf 89' lang='lat' dir='ltr'>eruiturque</span> <span class='ocrx_word' id='word_1_52' title='bbox 303 965 425 1041; x_wconf 93' lang='lat' dir='ltr'>oculos,</span> <span class='ocrx_word' id='word_1_53' title='bbox 444 985 579 1047; x_wconf 88' lang='lat' dir='ltr'>quorum</span> <span class='ocrx_word' id='word_1_54' title='bbox 596 986 669 1048; x_wconf 89' lang='lat' dir='ltr'>pars</span> <span class='ocrx_word' id='word_1_55' title='bbox 687 962 835 1026; x_wconf 88' lang='lat' dir='ltr'>cornibus</span> <span class='ocrx_word' id='word_1_56' title='bbox 853 961 971 1038; x_wconf 88' lang='lat' dir='ltr'>haeret,</span> 
     </span>
     <span class='ocr_line' id='line_1_10' title="bbox 100 1047 1004 1134; baseline 0 -22"><span class='ocrx_word' id='word_1_57' title='bbox 100 1071 174 1134; x_wconf 88' lang='lat' dir='ltr'>pars</span> <span class='ocrx_word' id='word_1_58' title='bbox 193 1049 261 1113; x_wconf 90' lang='lat' dir='ltr'>fluit</span> <span class='ocrx_word' id='word_1_59' title='bbox 278 1049 313 1113; x_wconf 92' lang='lat' dir='ltr'>in</span> <span class='ocrx_word' id='word_1_60' title='bbox 330 1049 461 1112; x_wconf 87' lang='lat' dir='ltr'>barbam</span> <span class='ocrx_word' id='word_1_61' title='bbox 481 1060 688 1131; x_wconf 88' lang='lat' dir='ltr'>concretaque</span> <span class='ocrx_word' id='word_1_62' title='bbox 706 1047 860 1133; x_wconf 87' lang='lat' dir='ltr'>sanguine</span> <span class='ocrx_word' id='word_1_63' title='bbox 878 1047 1004 1131; x_wconf 88' lang='lat' dir='ltr'>pendet.</span> 
     </span>
     <span class='ocr_line' id='line_1_11' title="bbox 101 1132 909 1218; baseline -0.004 -20"><span class='ocrx_word' id='word_1_64' title='bbox 101 1156 175 1198; x_wconf 88' lang='lat' dir='ltr'>ecce</span> <span class='ocrx_word' id='word_1_65' title='bbox 193 1134 275 1218; x_wconf 89' lang='lat' dir='ltr'>rapit</span> <span class='ocrx_word' id='word_1_66' title='bbox 292 1135 404 1198; x_wconf 90' lang='lat' dir='ltr'>mediis</span> <span class='ocrx_word' id='word_1_67' title='bbox 421 1135 607 1218; x_wconf 88' lang='lat' dir='ltr'>flagrantem</span> <span class='ocrx_word' id='word_1_68' title='bbox 624 1132 769 1198; x_wconf 86' lang='lat' dir='ltr'>Rhoetus</span> <span class='ocrx_word' id='word_1_69' title='bbox 788 1133 828 1196; x_wconf 89' lang='lat' dir='ltr'>ab</span> <span class='ocrx_word' id='word_1_70' title='bbox 847 1133 909 1196; x_wconf 89' lang='lat' dir='ltr'>aris</span> 
     </span>
     <span class='ocr_line' id='line_1_12' title="bbox 98 1215 929 1304; baseline -0.002 -22"><span class='ocrx_word' id='word_1_71' title='bbox 98 1219 287 1304; x_wconf 89' lang='lat' dir='ltr'>pruniceum</span> <span class='ocrx_word' id='word_1_72' title='bbox 304 1231 434 1295; x_wconf 88' lang='lat' dir='ltr'>torrem,</span> <span class='ocrx_word' id='word_1_73' title='bbox 453 1219 627 1303; x_wconf 89' lang='lat' dir='ltr'>dextraque</span> <span class='ocrx_word' id='word_1_74' title='bbox 644 1242 664 1282; x_wconf 84' lang='lat' dir='ltr'>a</span> <span class='ocrx_word' id='word_1_75' title='bbox 680 1229 770 1303; x_wconf 90' lang='lat' dir='ltr'>parte</span> <span class='ocrx_word' id='word_1_76' title='bbox 789 1215 929 1281; x_wconf 86' lang='lat' dir='ltr'>Charaxi</span> 
     </span>
     <span class='ocr_line' id='line_1_13' title="bbox 101 1303 833 1389; baseline -0.001 -22"><span class='ocrx_word' id='word_1_77' title='bbox 101 1315 244 1388; x_wconf 89' lang='lat' dir='ltr'>tempora</span> <span class='ocrx_word' id='word_1_78' title='bbox 260 1305 428 1389; x_wconf 83' lang='lat' dir='ltr'>perfringit</span> <span class='ocrx_word' id='word_1_79' title='bbox 445 1305 532 1368; x_wconf 92' lang='lat' dir='ltr'>fulvo</span> <span class='ocrx_word' id='word_1_80' title='bbox 551 1315 693 1389; x_wconf 88' lang='lat' dir='ltr'>protecta</span> <span class='ocrx_word' id='word_1_81' title='bbox 711 1303 833 1388; x_wconf 90' lang='lat' dir='ltr'>capillo.</span> 
     </span>
    </p>

    <p class='ocr_par' dir='ltr' id='par_1_6' title="bbox 98 1389 979 1985">
     <span class='ocr_line' id='line_1_14' title="bbox 101 1389 869 1475; baseline -0.001 -21"><span class='ocrx_word' id='word_1_82' title='bbox 101 1389 236 1473; x_wconf 91' lang='lat' dir='ltr'>correpti</span> <span class='ocrx_word' id='word_1_83' title='bbox 253 1390 378 1474; x_wconf 91' lang='lat' dir='ltr'>rapida,</span> <span class='ocrx_word' id='word_1_84' title='bbox 396 1390 494 1455; x_wconf 91' lang='lat' dir='ltr'>veluti</span> <span class='ocrx_word' id='word_1_85' title='bbox 512 1412 603 1475; x_wconf 87' lang='lat' dir='ltr'>seges</span> <span class='ocrx_word' id='word_1_86' title='bbox 621 1389 722 1464; x_wconf 91' lang='lat' dir='ltr'>arida,</span> <span class='ocrx_word' id='word_1_87' title='bbox 740 1390 869 1453; x_wconf 89' lang='lat' dir='ltr'>flamma</span> 
     </span>
     <span class='ocr_line' id='line_1_15' title="bbox 100 1474 864 1560; baseline 0 -22"><span class='ocrx_word' id='word_1_88' title='bbox 100 1487 246 1539; x_wconf 89' lang='lat' dir='ltr'>arserunt</span> <span class='ocrx_word' id='word_1_89' title='bbox 263 1476 378 1552; x_wconf 89' lang='lat' dir='ltr'>crines,</span> <span class='ocrx_word' id='word_1_90' title='bbox 398 1487 429 1541; x_wconf 90' lang='lat' dir='ltr'>et</span> <span class='ocrx_word' id='word_1_91' title='bbox 446 1476 576 1540; x_wconf 88' lang='lat' dir='ltr'>vulnere</span> <span class='ocrx_word' id='word_1_92' title='bbox 594 1475 723 1560; x_wconf 89' lang='lat' dir='ltr'>sanguis</span> <span class='ocrx_word' id='word_1_93' title='bbox 741 1474 864 1538; x_wconf 91' lang='lat' dir='ltr'>inustus</span> 
     </span>
     <span class='ocr_line' id='line_1_16' title="bbox 100 1559 953 1640; baseline 0 -17"><span class='ocrx_word' id='word_1_94' title='bbox 100 1560 271 1624; x_wconf 90' lang='lat' dir='ltr'>terribilem</span> <span class='ocrx_word' id='word_1_95' title='bbox 289 1561 421 1625; x_wconf 88' lang='lat' dir='ltr'>stridore</span> <span class='ocrx_word' id='word_1_96' title='bbox 439 1582 551 1625; x_wconf 91' lang='lat' dir='ltr'>sonum</span> <span class='ocrx_word' id='word_1_97' title='bbox 570 1560 668 1640; x_wconf 88' lang='lat' dir='ltr'>dedit,</span> <span class='ocrx_word' id='word_1_98' title='bbox 688 1571 725 1624; x_wconf 94' lang='lat' dir='ltr'>ut</span> <span class='ocrx_word' id='word_1_99' title='bbox 742 1560 817 1624; x_wconf 89' lang='lat' dir='ltr'>dare</span> <span class='ocrx_word' id='word_1_100' title='bbox 834 1559 953 1624; x_wconf 89' lang='lat' dir='ltr'>ferrum</span> 
     </span>
     <span class='ocr_line' id='line_1_17' title="bbox 98 1644 979 1730; baseline 0.002 -22"><span class='ocrx_word' id='word_1_101' title='bbox 98 1645 174 1729; x_wconf 89' lang='lat' dir='ltr'>igne</span> <span class='ocrx_word' id='word_1_102' title='bbox 192 1644 308 1709; x_wconf 90' lang='lat' dir='ltr'>rubens</span> <span class='ocrx_word' id='word_1_103' title='bbox 326 1646 512 1730; x_wconf 87' lang='lat' dir='ltr'>plerumque</span> <span class='ocrx_word' id='word_1_104' title='bbox 530 1647 623 1720; x_wconf 89' lang='lat' dir='ltr'>solet,</span> <span class='ocrx_word' id='word_1_105' title='bbox 641 1644 728 1729; x_wconf 91' lang='lat' dir='ltr'>quod</span> <span class='ocrx_word' id='word_1_106' title='bbox 745 1644 865 1729; x_wconf 88' lang='lat' dir='ltr'>forcipe</span> <span class='ocrx_word' id='word_1_107' title='bbox 883 1667 979 1710; x_wconf 88' lang='lat' dir='ltr'>curva</span> 
     </span>
     <span class='ocr_line' id='line_1_18' title="bbox 100 1730 886 1808; baseline -0.003 -13"><span class='ocrx_word' id='word_1_108' title='bbox 100 1753 174 1795; x_wconf 92' lang='lat' dir='ltr'>cum</span> <span class='ocrx_word' id='word_1_109' title='bbox 192 1730 283 1794; x_wconf 89' lang='lat' dir='ltr'>faber</span> <span class='ocrx_word' id='word_1_110' title='bbox 300 1731 422 1808; x_wconf 90' lang='lat' dir='ltr'>eduxit,</span> <span class='ocrx_word' id='word_1_111' title='bbox 440 1731 573 1796; x_wconf 89' lang='lat' dir='ltr'>lacubus</span> <span class='ocrx_word' id='word_1_112' title='bbox 592 1730 740 1807; x_wconf 84' lang='lat' dir='ltr'>demittit3</span> <span class='ocrx_word' id='word_1_113' title='bbox 759 1741 792 1794; x_wconf 90' lang='lat' dir='ltr'>at</span> <span class='ocrx_word' id='word_1_114' title='bbox 808 1730 886 1794; x_wconf 89' lang='lat' dir='ltr'>illud</span> 
     </span>
     <span class='ocr_line' id='line_1_19' title="bbox 101 1815 888 1901; baseline -0.001 -22"><span class='ocrx_word' id='word_1_115' title='bbox 101 1815 213 1879; x_wconf 90' lang='lat' dir='ltr'>stridet</span> <span class='ocrx_word' id='word_1_116' title='bbox 230 1826 262 1880; x_wconf 91' lang='lat' dir='ltr'>et</span> <span class='ocrx_word' id='word_1_117' title='bbox 278 1816 312 1880; x_wconf 95' lang='lat' dir='ltr'>in</span> <span class='ocrx_word' id='word_1_118' title='bbox 328 1817 435 1901; x_wconf 91' lang='lat' dir='ltr'>tepida</span> <span class='ocrx_word' id='word_1_119' title='bbox 453 1817 653 1881; x_wconf 91' lang='lat' dir='ltr'>submersum</span> <span class='ocrx_word' id='word_1_120' title='bbox 670 1816 775 1880; x_wconf 90' lang='lat' dir='ltr'>sibilat</span> <span class='ocrx_word' id='word_1_121' title='bbox 792 1816 888 1879; x_wconf 90' lang='lat' dir='ltr'>unda.</span> 
     </span>
     <span class='ocr_line' id='line_1_20' title="bbox 101 1900 860 1985; baseline -0.003 -20"><span class='ocrx_word' id='word_1_122' title='bbox 101 1902 227 1965; x_wconf 88' lang='lat' dir='ltr'>saucius</span> <span class='ocrx_word' id='word_1_123' title='bbox 245 1900 374 1967; x_wconf 89' lang='lat' dir='ltr'>hirsutis</span> <span class='ocrx_word' id='word_1_124' title='bbox 392 1902 520 1966; x_wconf 91' lang='lat' dir='ltr'>avidum</span> <span class='ocrx_word' id='word_1_125' title='bbox 540 1901 579 1966; x_wconf 88' lang='lat' dir='ltr'>de</span> <span class='ocrx_word' id='word_1_126' title='bbox 597 1901 735 1966; x_wconf 90' lang='lat' dir='ltr'>crinibus</span> <span class='ocrx_word' id='word_1_127' title='bbox 753 1902 860 1985; x_wconf 83' lang='lat' dir='ltr'>ignem</span> 
     </span>
    </p>

    <p class='ocr_par' dir='ltr' id='par_1_7' title="bbox 98 1986 1087 2752">
     <span class='ocr_line' id='line_1_21' title="bbox 101 1986 898 2068; baseline -0.003 -17"><span class='ocrx_word' id='word_1_128' title='bbox 101 1987 221 2051; x_wconf 88' lang='lat' dir='ltr'>excutit</span> <span class='ocrx_word' id='word_1_129' title='bbox 238 1986 334 2068; x_wconf 86' lang='lat' dir='ltr'>inque</span> <span class='ocrx_word' id='word_1_130' title='bbox 352 2010 477 2052; x_wconf 88' lang='lat' dir='ltr'>umeros</span> <span class='ocrx_word' id='word_1_131' title='bbox 494 1988 592 2052; x_wconf 92' lang='lat' dir='ltr'>limen</span> <span class='ocrx_word' id='word_1_132' title='bbox 609 1989 720 2052; x_wconf 91' lang='lat' dir='ltr'>tellure</span> <span class='ocrx_word' id='word_1_133' title='bbox 738 1987 898 2050; x_wconf 89' lang='lat' dir='ltr'>revulsum</span> 
     </span>
     <span class='ocr_line' id='line_1_22' title="bbox 99 2071 1017 2158; baseline 0 -24"><span class='ocrx_word' id='word_1_134' title='bbox 99 2072 194 2147; x_wconf 90' lang='lat' dir='ltr'>tollit,</span> <span class='ocrx_word' id='word_1_135' title='bbox 213 2093 292 2136; x_wconf 91' lang='lat' dir='ltr'>onus</span> <span class='ocrx_word' id='word_1_136' title='bbox 310 2073 452 2157; x_wconf 86' lang='lat' dir='ltr'>plaustri.</span> <span class='ocrx_word' id='word_1_137' title='bbox 495 2072 582 2156; x_wconf 91' lang='lat' dir='ltr'>quod</span> <span class='ocrx_word' id='word_1_138' title='bbox 598 2095 639 2137; x_wconf 87' lang='lat' dir='ltr'>ns</span> <span class='ocrx_word' id='word_1_139' title='bbox 656 2071 817 2158; x_wconf 88' lang='lat' dir='ltr'>permittat</span> <span class='ocrx_word' id='word_1_140' title='bbox 833 2071 866 2135; x_wconf 87' lang='lat' dir='ltr'>in</span> <span class='ocrx_word' id='word_1_141' title='bbox 884 2072 1017 2148; x_wconf 90' lang='lat' dir='ltr'>hostem,</span> 
     </span>
     <span class='ocr_line' id='line_1_23' title="bbox 98 2156 967 2242; baseline 0.002 -23"><span class='ocrx_word' id='word_1_142' title='bbox 98 2157 169 2241; x_wconf 86' lang='lat' dir='ltr'>ipsa</span> <span class='ocrx_word' id='word_1_143' title='bbox 186 2156 263 2220; x_wconf 89' lang='lat' dir='ltr'>facit</span> <span class='ocrx_word' id='word_1_144' title='bbox 279 2158 428 2242; x_wconf 89' lang='lat' dir='ltr'>gravitas.</span> <span class='ocrx_word' id='word_1_145' title='bbox 472 2158 592 2222; x_wconf 88' lang='lat' dir='ltr'>socium</span> <span class='ocrx_word' id='word_1_146' title='bbox 611 2178 737 2240; x_wconf 93' lang='lat' dir='ltr'>quoque</span> <span class='ocrx_word' id='word_1_147' title='bbox 756 2179 852 2221; x_wconf 88' lang='lat' dir='ltr'>saxea</span> <span class='ocrx_word' id='word_1_148' title='bbox 869 2156 967 2221; x_wconf 90' lang='lat' dir='ltr'>moles</span> 
     </span>
     <span class='ocr_line' id='line_1_24' title="bbox 99 2239 876 2327; baseline -0.003 -21"><span class='ocrx_word' id='word_1_149' title='bbox 99 2242 258 2327; x_wconf 90' lang='lat' dir='ltr'>oppressit</span> <span class='ocrx_word' id='word_1_150' title='bbox 275 2243 377 2327; x_wconf 89' lang='lat' dir='ltr'>spatio</span> <span class='ocrx_word' id='word_1_151' title='bbox 395 2254 530 2307; x_wconf 87' lang='lat' dir='ltr'>stantem</span> <span class='ocrx_word' id='word_1_152' title='bbox 548 2243 693 2327; x_wconf 88' lang='lat' dir='ltr'>propiore</span> <span class='ocrx_word' id='word_1_153' title='bbox 712 2239 876 2306; x_wconf 89' lang='lat' dir='ltr'>Cometen.</span> 
     </span>
     <span class='ocr_line' id='line_1_25' title="bbox 98 2327 1087 2412; baseline 0.001 -23"><span class='ocrx_word' id='word_1_154' title='bbox 98 2328 217 2411; x_wconf 89' lang='lat' dir='ltr'>gaudia</span> <span class='ocrx_word' id='word_1_155' title='bbox 235 2350 294 2391; x_wconf 89' lang='lat' dir='ltr'>nec</span> <span class='ocrx_word' id='word_1_156' title='bbox 311 2329 424 2405; x_wconf 88' lang='lat' dir='ltr'>retinet</span> <span class='ocrx_word' id='word_1_157' title='bbox 440 2328 594 2392; x_wconf 86' lang='lat' dir='ltr'>Rhoetus.</span> <span class='ocrx_word' id='word_1_158' title='bbox 639 2328 725 2403; x_wconf 89' lang='lat' dir='ltr'>“sic,</span> <span class='ocrx_word' id='word_1_159' title='bbox 744 2327 956 2412; x_wconf 88' lang='lat' dir='ltr'>comprecor,&#39;’</span> <span class='ocrx_word' id='word_1_160' title='bbox 973 2328 1087 2410; x_wconf 91' lang='lat' dir='ltr'>inquit,</span> 
     </span>
     <span class='ocr_line' id='line_1_26' title="bbox 99 2411 879 2478; baseline -0.003 -1"><span class='ocrx_word' id='word_1_161' title='bbox 99 2420 230 2477; x_wconf 88' lang='lat' dir='ltr'>“cetera</span> <span class='ocrx_word' id='word_1_162' title='bbox 248 2413 287 2476; x_wconf 90' lang='lat' dir='ltr'>sit</span> <span class='ocrx_word' id='word_1_163' title='bbox 304 2413 393 2477; x_wconf 89' lang='lat' dir='ltr'>fortis</span> <span class='ocrx_word' id='word_1_164' title='bbox 411 2425 586 2478; x_wconf 86' lang='lat' dir='ltr'>castrorum</span> <span class='ocrx_word' id='word_1_165' title='bbox 603 2413 697 2477; x_wconf 90' lang='lat' dir='ltr'>turba</span> <span class='ocrx_word' id='word_1_166' title='bbox 714 2411 879 2476; x_wconf 82' lang='lat' dir='ltr'>tuorum!’&#39;</span> 
     </span>
     <span class='ocr_line' id='line_1_27' title="bbox 99 2498 902 2584; baseline 0.001 -23"><span class='ocrx_word' id='word_1_167' title='bbox 99 2498 347 2580; x_wconf 89' lang='lat' dir='ltr'>semicremoque</span> <span class='ocrx_word' id='word_1_168' title='bbox 364 2510 461 2563; x_wconf 88' lang='lat' dir='ltr'>novat</span> <span class='ocrx_word' id='word_1_169' title='bbox 478 2498 646 2584; x_wconf 88' lang='lat' dir='ltr'>repetitum</span> <span class='ocrx_word' id='word_1_170' title='bbox 664 2498 769 2582; x_wconf 88' lang='lat' dir='ltr'>stipite</span> <span class='ocrx_word' id='word_1_171' title='bbox 787 2498 902 2562; x_wconf 90' lang='lat' dir='ltr'>vulnus</span> 
     </span>
     <span class='ocr_line' id='line_1_28' title="bbox 99 2583 915 2670; baseline 0.002 -25"><span class='ocrx_word' id='word_1_172' title='bbox 99 2595 210 2664; x_wconf 90' lang='lat' dir='ltr'>terque</span> <span class='ocrx_word' id='word_1_173' title='bbox 228 2596 402 2666; x_wconf 90' lang='lat' dir='ltr'>quaterque</span> <span class='ocrx_word' id='word_1_174' title='bbox 419 2585 510 2670; x_wconf 87' lang='lat' dir='ltr'>gravi</span> <span class='ocrx_word' id='word_1_175' title='bbox 526 2584 688 2649; x_wconf 89' lang='lat' dir='ltr'>iuncturas</span> <span class='ocrx_word' id='word_1_176' title='bbox 707 2583 832 2647; x_wconf 89' lang='lat' dir='ltr'>verticis</span> <span class='ocrx_word' id='word_1_177' title='bbox 849 2583 915 2647; x_wconf 88' lang='lat' dir='ltr'>ictu</span> 
     </span>
     <span class='ocr_line' id='line_1_29' title="bbox 98 2668 849 2752; baseline 0 -21"><span class='ocrx_word' id='word_1_178' title='bbox 98 2668 197 2752; x_wconf 92' lang='lat' dir='ltr'>rupit,</span> <span class='ocrx_word' id='word_1_179' title='bbox 216 2669 297 2732; x_wconf 90' lang='lat' dir='ltr'>etin</span> <span class='ocrx_word' id='word_1_180' title='bbox 315 2670 435 2751; x_wconf 88' lang='lat' dir='ltr'>liquido</span> <span class='ocrx_word' id='word_1_181' title='bbox 453 2670 603 2734; x_wconf 91' lang='lat' dir='ltr'>sederunt</span> <span class='ocrx_word' id='word_1_182' title='bbox 620 2691 692 2733; x_wconf 90' lang='lat' dir='ltr'>ossa</span> <span class='ocrx_word' id='word_1_183' title='bbox 710 2669 849 2734; x_wconf 89' lang='lat' dir='ltr'>cerebro.</span> 
     </span>
    </p>

    <p class='ocr_par' dir='ltr' id='par_1_8' title="bbox 97 2752 1066 3513">
     <span class='ocr_line' id='line_1_30' title="bbox 98 2752 1066 2839; baseline 0.003 -23"><span class='ocrx_word' id='word_1_184' title='bbox 98 2754 199 2817; x_wconf 90' lang='lat' dir='ltr'>victor</span> <span class='ocrx_word' id='word_1_185' title='bbox 217 2752 258 2816; x_wconf 90' lang='lat' dir='ltr'>ad</span> <span class='ocrx_word' id='word_1_186' title='bbox 275 2753 441 2839; x_wconf 84' lang='lat' dir='ltr'>Euagrum</span> <span class='ocrx_word' id='word_1_187' title='bbox 460 2752 701 2839; x_wconf 88' lang='lat' dir='ltr'>Corythumque</span> <span class='ocrx_word' id='word_1_188' title='bbox 718 2754 929 2838; x_wconf 89' lang='lat' dir='ltr'>Dryantaque</span> <span class='ocrx_word' id='word_1_189' title='bbox 946 2755 1066 2819; x_wconf 85' lang='lat' dir='ltr'>transit.</span> 
     </span>
     <span class='ocr_line' id='line_1_31' title="bbox 99 2838 825 2926; baseline 0 -23"><span class='ocrx_word' id='word_1_190' title='bbox 99 2862 116 2903; x_wconf 94' lang='lat' dir='ltr'>e</span> <span class='ocrx_word' id='word_1_191' title='bbox 135 2838 250 2921; x_wconf 90' lang='lat' dir='ltr'>quibus</span> <span class='ocrx_word' id='word_1_192' title='bbox 268 2849 304 2903; x_wconf 95' lang='lat' dir='ltr'>ut</span> <span class='ocrx_word' id='word_1_193' title='bbox 320 2840 423 2924; x_wconf 88' lang='lat' dir='ltr'>prima</span> <span class='ocrx_word' id='word_1_194' title='bbox 439 2851 540 2904; x_wconf 92' lang='lat' dir='ltr'>tectus</span> <span class='ocrx_word' id='word_1_195' title='bbox 558 2841 709 2926; x_wconf 88' lang='lat' dir='ltr'>lanugine</span> <span class='ocrx_word' id='word_1_196' title='bbox 726 2840 825 2903; x_wconf 89' lang='lat' dir='ltr'>malas</span> 
     </span>
     <span class='ocr_line' id='line_1_32' title="bbox 99 2921 908 3010; baseline 0.002 -24"><span class='ocrx_word' id='word_1_197' title='bbox 99 2923 268 3008; x_wconf 88' lang='lat' dir='ltr'>procubuit</span> <span class='ocrx_word' id='word_1_198' title='bbox 286 2921 456 3008; x_wconf 86' lang='lat' dir='ltr'>Corythus,</span> <span class='ocrx_word' id='word_1_199' title='bbox 476 2932 599 3010; x_wconf 91' lang='lat' dir='ltr'>“puero</span> <span class='ocrx_word' id='word_1_200' title='bbox 618 2947 700 3009; x_wconf 91' lang='lat' dir='ltr'>quae</span> <span class='ocrx_word' id='word_1_201' title='bbox 718 2925 819 3010; x_wconf 88' lang='lat' dir='ltr'>gloria</span> <span class='ocrx_word' id='word_1_202' title='bbox 836 2925 908 2989; x_wconf 89' lang='lat' dir='ltr'>fuso</span> 
     </span>
     <span class='ocr_line' id='line_1_33' title="bbox 98 3009 1002 3095; baseline 0.003 -23"><span class='ocrx_word' id='word_1_203' title='bbox 98 3021 189 3094; x_wconf 91' lang='lat' dir='ltr'>parta</span> <span class='ocrx_word' id='word_1_204' title='bbox 207 3009 264 3073; x_wconf 91' lang='lat' dir='ltr'>tibi</span> <span class='ocrx_word' id='word_1_205' title='bbox 282 3010 371 3074; x_wconf 78' lang='lat' dir='ltr'>est?’&#39;</span> <span class='ocrx_word' id='word_1_206' title='bbox 394 3009 544 3095; x_wconf 84' lang='lat' dir='ltr'>Euagrus</span> <span class='ocrx_word' id='word_1_207' title='bbox 563 3011 615 3074; x_wconf 90' lang='lat' dir='ltr'>ait.</span> <span class='ocrx_word' id='word_1_208' title='bbox 659 3034 719 3075; x_wconf 90' lang='lat' dir='ltr'>nec</span> <span class='ocrx_word' id='word_1_209' title='bbox 737 3010 841 3076; x_wconf 88' lang='lat' dir='ltr'>dicere</span> <span class='ocrx_word' id='word_1_210' title='bbox 858 3010 1002 3076; x_wconf 84' lang='lat' dir='ltr'>Rhoetus</span> 
     </span>
     <span class='ocr_line' id='line_1_34' title="bbox 98 3095 942 3181; baseline 0.004 -24"><span class='ocrx_word' id='word_1_211' title='bbox 98 3095 190 3179; x_wconf 90' lang='lat' dir='ltr'>plura</span> <span class='ocrx_word' id='word_1_212' title='bbox 207 3095 294 3170; x_wconf 90' lang='lat' dir='ltr'>sinit,</span> <span class='ocrx_word' id='word_1_213' title='bbox 312 3096 485 3178; x_wconf 89' lang='lat' dir='ltr'>rutilasque</span> <span class='ocrx_word' id='word_1_214' title='bbox 503 3096 593 3160; x_wconf 88' lang='lat' dir='ltr'>ferox</span> <span class='ocrx_word' id='word_1_215' title='bbox 610 3096 643 3159; x_wconf 93' lang='lat' dir='ltr'>in</span> <span class='ocrx_word' id='word_1_216' title='bbox 661 3107 769 3181; x_wconf 90' lang='lat' dir='ltr'>aperta</span> <span class='ocrx_word' id='word_1_217' title='bbox 785 3096 942 3178; x_wconf 91' lang='lat' dir='ltr'>loquentis</span> 
     </span>
     <span class='ocr_line' id='line_1_35' title="bbox 98 3180 971 3328; baseline 0.002 -85"><span class='ocrx_word' id='word_1_218' title='bbox 98 3180 239 3244; x_wconf 90' lang='lat' dir='ltr'>condidit</span> <span class='ocrx_word' id='word_1_219' title='bbox 256 3203 311 3243; x_wconf 90' lang='lat' dir='ltr'>ora</span> <span class='ocrx_word' id='word_1_220' title='bbox 327 3181 401 3258; x_wconf 84' lang='lat' dir='ltr'>viri,</span> <span class='ocrx_word' id='word_1_221' title='bbox 417 3202 537 3328; x_wconf 63' lang='lat' dir='ltr'>pprque</span> <span class='ocrx_word' id='word_1_222' title='bbox 556 3204 591 3245; x_wconf 87' lang='lat' dir='ltr'>os</span> <span class='ocrx_word' id='word_1_223' title='bbox 608 3182 642 3245; x_wconf 91' lang='lat' dir='ltr'>in</span> <span class='ocrx_word' id='word_1_224' title='bbox 659 3192 800 3266; x_wconf 86' lang='lat' dir='ltr'>pectora,</span> <span class='ocrx_word' id='word_1_225' title='bbox 818 3183 971 3245; x_wconf 89' lang='lat' dir='ltr'>flammas.</span> 
     </span>
     <span class='ocr_line' id='line_1_36' title="bbox 97 3267 987 3352; baseline 0.003 -24"><span class='ocrx_word' id='word_1_226' title='bbox 97 3277 128 3329; x_wconf 91' lang='lat' dir='ltr'>te</span> <span class='ocrx_word' id='word_1_227' title='bbox 147 3286 288 3347; x_wconf 90' lang='lat' dir='ltr'>quoque,</span> <span class='ocrx_word' id='word_1_228' title='bbox 307 3288 400 3331; x_wconf 90' lang='lat' dir='ltr'>saeve</span> <span class='ocrx_word' id='word_1_229' title='bbox 453 3290 523 3350; x_wconf 89' lang='lat' dir='ltr'>rya,</span> <span class='ocrx_word' id='word_1_230' title='bbox 543 3267 661 3330; x_wconf 90' lang='lat' dir='ltr'>circum</span> <span class='ocrx_word' id='word_1_231' title='bbox 680 3278 776 3351; x_wconf 91' lang='lat' dir='ltr'>caput</span> <span class='ocrx_word' id='word_1_232' title='bbox 792 3269 866 3352; x_wconf 91' lang='lat' dir='ltr'>igne</span> <span class='ocrx_word' id='word_1_233' title='bbox 885 3278 987 3331; x_wconf 91' lang='lat' dir='ltr'>rotato</span> 
     </span>
     <span class='ocr_line' id='line_1_37' title="bbox 97 3351 942 3435; baseline 0.002 -22"><span class='ocrx_word' id='word_1_234' title='bbox 97 3351 286 3433; x_wconf 87' lang='lat' dir='ltr'>insequitur3</span> <span class='ocrx_word' id='word_1_235' title='bbox 305 3352 442 3415; x_wconf 90' lang='lat' dir='ltr'>sednon</span> <span class='ocrx_word' id='word_1_236' title='bbox 459 3351 492 3415; x_wconf 89' lang='lat' dir='ltr'>in</span> <span class='ocrx_word' id='word_1_237' title='bbox 510 3363 541 3416; x_wconf 88' lang='lat' dir='ltr'>te</span> <span class='ocrx_word' id='word_1_238' title='bbox 559 3373 685 3435; x_wconf 92' lang='lat' dir='ltr'>quoque</span> <span class='ocrx_word' id='word_1_239' title='bbox 704 3353 841 3416; x_wconf 89' lang='lat' dir='ltr'>constitit</span> <span class='ocrx_word' id='word_1_240' title='bbox 857 3352 942 3416; x_wconf 91' lang='lat' dir='ltr'>idem</span> 
     </span>
     <span class='ocr_line' id='line_1_38' title="bbox 98 3436 845 3513; baseline 0.001 -14"><span class='ocrx_word' id='word_1_241' title='bbox 98 3436 215 3499; x_wconf 87' lang='lat' dir='ltr'>exitus:</span> <span class='ocrx_word' id='word_1_242' title='bbox 234 3436 379 3501; x_wconf 89' lang='lat' dir='ltr'>assiduae</span> <span class='ocrx_word' id='word_1_243' title='bbox 398 3458 546 3502; x_wconf 87' lang='lat' dir='ltr'>successu</span> <span class='ocrx_word' id='word_1_244' title='bbox 565 3438 669 3502; x_wconf 90' lang='lat' dir='ltr'>caedis</span> <span class='ocrx_word' id='word_1_245' title='bbox 688 3448 845 3513; x_wconf 87' lang='lat' dir='ltr'>ovantem,</span> 
     </span>
    </p>

    <p class='ocr_par' dir='ltr' id='par_1_9' title="bbox 95 3521 947 4124">
     <span class='ocr_line' id='line_1_39' title="bbox 97 3521 941 3608; baseline 0.004 -24"><span class='ocrx_word' id='word_1_246' title='bbox 97 3541 161 3603; x_wconf 91' lang='lat' dir='ltr'>qua</span> <span class='ocrx_word' id='word_1_247' title='bbox 177 3521 285 3584; x_wconf 87' lang='lat' dir='ltr'>iuncta</span> <span class='ocrx_word' id='word_1_248' title='bbox 302 3532 350 3586; x_wconf 90' lang='lat' dir='ltr'>est</span> <span class='ocrx_word' id='word_1_249' title='bbox 366 3544 475 3587; x_wconf 91' lang='lat' dir='ltr'>umero</span> <span class='ocrx_word' id='word_1_250' title='bbox 494 3523 614 3599; x_wconf 88' lang='lat' dir='ltr'>cervix,</span> <span class='ocrx_word' id='word_1_251' title='bbox 633 3523 711 3588; x_wconf 91' lang='lat' dir='ltr'>sude</span> <span class='ocrx_word' id='word_1_252' title='bbox 728 3523 800 3608; x_wconf 87' lang='lat' dir='ltr'>figis</span> <span class='ocrx_word' id='word_1_253' title='bbox 819 3522 941 3587; x_wconf 90' lang='lat' dir='ltr'>obusta.</span> 
     </span>
     <span class='ocr_line' id='line_1_40' title="bbox 96 3606 840 3691; baseline 0.004 -23"><span class='ocrx_word' id='word_1_254' title='bbox 96 3606 252 3691; x_wconf 87' lang='lat' dir='ltr'>ingemuit</span> <span class='ocrx_word' id='word_1_255' title='bbox 269 3607 411 3690; x_wconf 91' lang='lat' dir='ltr'>duroque</span> <span class='ocrx_word' id='word_1_256' title='bbox 429 3608 540 3673; x_wconf 92' lang='lat' dir='ltr'>sudem</span> <span class='ocrx_word' id='word_1_257' title='bbox 558 3609 612 3672; x_wconf 92' lang='lat' dir='ltr'>vix</span> <span class='ocrx_word' id='word_1_258' title='bbox 629 3630 700 3673; x_wconf 91' lang='lat' dir='ltr'>osse</span> <span class='ocrx_word' id='word_1_259' title='bbox 717 3608 840 3672; x_wconf 89' lang='lat' dir='ltr'>revellit</span> 
     </span>
     <span class='ocr_line' id='line_1_41' title="bbox 96 3692 947 3780; baseline 0.002 -24"><span class='ocrx_word' id='word_1_260' title='bbox 96 3692 240 3756; x_wconf 90' lang='lat' dir='ltr'>Rhoetus</span> <span class='ocrx_word' id='word_1_261' title='bbox 259 3693 376 3777; x_wconf 87' lang='lat' dir='ltr'>etipse</span> <span class='ocrx_word' id='word_1_262' title='bbox 394 3715 451 3757; x_wconf 93' lang='lat' dir='ltr'>suo</span> <span class='ocrx_word' id='word_1_263' title='bbox 469 3694 665 3758; x_wconf 84' lang='lat' dir='ltr'>madefactus</span> <span class='ocrx_word' id='word_1_264' title='bbox 684 3694 837 3778; x_wconf 89' lang='lat' dir='ltr'>sanguine</span> <span class='ocrx_word' id='word_1_265' title='bbox 855 3694 947 3780; x_wconf 81' lang='lat' dir='ltr'>fugit.</span> 
     </span>
     <span class='ocr_line' id='line_1_42' title="bbox 95 3775 905 3863; baseline 0.006 -23"><span class='ocrx_word' id='word_1_266' title='bbox 95 3778 179 3862; x_wconf 86' lang='lat' dir='ltr'>fugit</span> <span class='ocrx_word' id='word_1_267' title='bbox 197 3789 229 3841; x_wconf 91' lang='lat' dir='ltr'>et</span> <span class='ocrx_word' id='word_1_268' title='bbox 247 3775 375 3842; x_wconf 78' lang='lat' dir='ltr'>Orne&#39;us</span> <span class='ocrx_word' id='word_1_269' title='bbox 393 3778 605 3863; x_wconf 88' lang='lat' dir='ltr'>Lycabasque</span> <span class='ocrx_word' id='word_1_270' title='bbox 624 3791 655 3844; x_wconf 91' lang='lat' dir='ltr'>et</span> <span class='ocrx_word' id='word_1_271' title='bbox 673 3779 798 3843; x_wconf 89' lang='lat' dir='ltr'>saucius</span> <span class='ocrx_word' id='word_1_272' title='bbox 817 3802 905 3845; x_wconf 91' lang='lat' dir='ltr'>armo</span> 
     </span>
     <span class='ocr_line' id='line_1_43' title="bbox 96 3863 914 3943; baseline 0.002 -17"><span class='ocrx_word' id='word_1_273' title='bbox 96 3863 270 3927; x_wconf 89' lang='lat' dir='ltr'>dexteriore</span> <span class='ocrx_word' id='word_1_274' title='bbox 289 3863 409 3928; x_wconf 89' lang='lat' dir='ltr'>Medon</span> <span class='ocrx_word' id='word_1_275' title='bbox 428 3875 459 3928; x_wconf 91' lang='lat' dir='ltr'>et</span> <span class='ocrx_word' id='word_1_276' title='bbox 477 3886 550 3929; x_wconf 91' lang='lat' dir='ltr'>oum</span> <span class='ocrx_word' id='word_1_277' title='bbox 567 3864 718 3930; x_wconf 89' lang='lat' dir='ltr'>Pisenore</span> <span class='ocrx_word' id='word_1_278' title='bbox 736 3865 914 3943; x_wconf 81' lang='lat' dir='ltr'>Thaumas3</span> 
     </span>
     <span class='ocr_line' id='line_1_44' title="bbox 96 3947 918 4035; baseline 0.005 -25"><span class='ocrx_word' id='word_1_279' title='bbox 96 3950 213 4031; x_wconf 92' lang='lat' dir='ltr'>quique</span> <span class='ocrx_word' id='word_1_280' title='bbox 231 3947 349 4032; x_wconf 90' lang='lat' dir='ltr'>pedum</span> <span class='ocrx_word' id='word_1_281' title='bbox 366 3973 468 4035; x_wconf 91' lang='lat' dir='ltr'>nuper</span> <span class='ocrx_word' id='word_1_282' title='bbox 486 3951 655 4014; x_wconf 90' lang='lat' dir='ltr'>certamine</span> <span class='ocrx_word' id='word_1_283' title='bbox 673 3951 792 4015; x_wconf 86' lang='lat' dir='ltr'>vicerat</span> <span class='ocrx_word' id='word_1_284' title='bbox 809 3973 918 4016; x_wconf 90' lang='lat' dir='ltr'>omnes</span> 
     </span>
     <span class='ocr_line' id='line_1_45' title="bbox 95 4032 904 4124; baseline 0.007 -27"><span class='ocrx_word' id='word_1_285' title='bbox 95 4032 272 4099; x_wconf 89' lang='lat' dir='ltr'>Mermeros</span> <span class='ocrx_word' id='word_1_286' title='bbox 294 4039 435 4124; x_wconf 89' lang='lat' dir='ltr'>(accepto</span> <span class='ocrx_word' id='word_1_287' title='bbox 452 4046 520 4102; x_wconf 90' lang='lat' dir='ltr'>tum</span> <span class='ocrx_word' id='word_1_288' title='bbox 539 4036 668 4104; x_wconf 91' lang='lat' dir='ltr'>vulnere</span> <span class='ocrx_word' id='word_1_289' title='bbox 685 4035 805 4105; x_wconf 89' lang='lat' dir='ltr'>tardius</span> <span class='ocrx_word' id='word_1_290' title='bbox 822 4033 904 4115; x_wconf 84' lang='lat' dir='ltr'>ibat)</span> 
     </span>
    </p>
   </div>
   <div class='ocr_carea' id='block_1_3' title="bbox 0 0 1292 4478">
    <p class='ocr_par' dir='ltr' id='par_1_10' title="bbox 0 0 1292 4478">
     <span class='ocr_line' id='line_1_46' title="bbox 0 0 1292 4478; baseline 0 1"><span class='ocrx_word' id='word_1_291' title='bbox 0 0 1292 4478; x_wconf 95' lang='lat' dir='ltr'> </span> 
     </span>
    </p>
   </div>
  </div>
 </body>
</html>
