2574 4478
106 313 476 372 unrnnoneuosnon
488 314 561 369 nm.
574 314 640 368 ΧΠ.
654 313 797 369 eto-oar.
815 313 896 368 xm.
910 312 1003 370 1-oo.
1025 297 1089 365 213

64 464 124 528 par
142 439 203 504 sibi
220 439 348 504 Pelides
366 460 426 504 nec
442 437 551 504 inania
567 437 702 502 Tartara
719 436 822 503 sentit.

64 528 133 613 ipse
152 526 262 601 etiam,
280 535 331 601 ut,
349 523 439 590 cuius
455 524 564 600 fuerit,
583 544 773 609 cognoscere
789 522 902 607 possis,
1109 541 1159 591 615

64 613 150 678 bella
166 622 273 675 movet
291 610 427 695 clipeus,
445 610 547 693 deque
565 609 659 674 armis
677 631 765 672 arma
781 607 936 673 feruntur.

65 719 130 762 non
147 719 186 762 ea
203 694 359 780 Tydides,
377 716 441 759 non
459 694 556 760 audet
573 692 683 759 Oileos
701 693 798 770 Aiax,

65 804 129 847 non
147 781 251 845 minor
267 781 413 858 Atrides,
431 802 495 844 non
512 781 596 845 bello
614 780 714 844 maior
732 789 764 844 et
781 798 860 844 aevo

87 889 210 943 escere,
227 887 292 931 non
310 866 377 930 alii:
396 866 454 930 soli
471 865 645 930 Telamone
662 875 768 930 creato

64 891 248 1035 lnaiirteque
266 950 328 1015 fuit
345 961 451 1015 tantae
468 951 585 1015 fiducia
601 949 714 1015 laudis.

66 1061 137 1104 ase
155 1036 340 1102 Tantalides
358 1057 438 1100 onus
456 1036 670 1119 invidiamque
687 1035 822 1101 removit

64 1122 300 1208 Argolicosque
318 1121 415 1187 duces
433 1121 544 1186 mediis
562 1121 725 1187 considere
742 1120 853 1188 castris

63 1208 157 1274 iussit
174 1219 207 1273 et
224 1207 389 1273 arbitrium
405 1206 470 1271 litis
487 1206 609 1272 traiecit
624 1207 658 1271 in
676 1228 795 1273 omnes.

331 1475 449 1532 LIBER
465 1475 633 1535 TERTIUS
649 1475 828 1536 DECIMUS.

64 1634 248 1702 Consedere
266 1634 363 1701 duces
381 1645 413 1700 et
429 1634 519 1720 vulgi
536 1644 639 1700 stante
656 1656 772 1701 corona
1017 1634 1158 1717 Armorum

65 1722 168 1810 surgit
185 1722 227 1786 ad
244 1720 302 1786 hos
320 1720 414 1806 clipei
432 1721 577 1785 dominus
595 1720 806 1806 septemplicis
824 1720 920 1786 Aiax.
1027 1704 1155 1757 mum·

64 1819 163 1891 utque
182 1818 249 1872 erat
265 1806 433 1892 impatiens
449 1806 530 1882 irae,
549 1804 584 1872 Si
609 1816 659 1872 e'1'a
675 1817 765 1872 torvo

62 1895 157 1959 litora
173 1892 313 1977 respexit
330 1891 526 1975 classemque
543 1829 685 1958 inditore
703 1893 794 1957 vultu

63 1977 294 2061 intendensque
311 1999 424 2042 manus
442 1977 582 2063 ‘agimus
587 2025 597 2054 ,
614 2000 672 2064 pro
689 1977 860 2064 Iuppiterl’
878 1977 980 2062 inquit
1105 1999 1121 2048 t

65 2071 153 2129 ‘ante
170 2073 255 2128 rates
272 2084 416 2140 causam,
434 2074 466 2129 et
483 2086 608 2128 mecum
626 2064 786 2129 confertur
802 2063 931 2129 Ulixesl

64 2161 97 2214 at
112 2171 180 2214 non
196 2148 363 2213 Hectoreis
382 2148 538 2214 dubitavit
555 2149 668 2214 cedere
685 2149 829 2224 flammis,

64 2256 144 2318 quas
162 2256 223 2319 ego
242 2234 389 2310 sustinui,
408 2254 487 2317 quas
505 2233 566 2298 hac
584 2258 603 2298 a
621 2235 721 2301 classe
737 2234 857 2320 fugavi.

63 2321 164 2386 tutius
181 2329 229 2385 est
246 2319 344 2404 igitur
361 2319 442 2384 fictis
460 2320 648 2385 contendere
667 2320 781 2396 verbis,

63 2428 162 2490 quam
178 2427 323 2490 pugnare
340 2429 446 2470 manu.
490 2405 547 2470 sed
564 2427 623 2471 nec
640 2405 717 2469 mihi
736 2405 840 2470 dicere
879 2416 1048 2491 romptum,
1107 2427 1138 2477 ro

63 2514 123 2557 nec
141 2491 247 2555 facere
265 2502 314 2556 est
329 2491 395 2555 isti:
413 2502 631 2574 quantumque
650 2513 709 2576 ego
722 2490 829 2555 Marte
860 2492 944 2556 eroci

63 2578 161 2659 inque
180 2576 247 2640 acie
265 2575 371 2654 valeo,
389 2586 513 2641 tantum
530 2578 616 2642 valet
632 2577 692 2641 iste
709 2576 878 2659 loquendo.

62 2685 124 2728 nec
140 2661 347 2726 memoranda
363 2672 469 2727 tamen
486 2661 576 2726 vobis
593 2685 666 2727 mea
682 2662 781 2739 facta,
798 2661 938 2747 Pelasgi,

63 2770 134 2814 esse
152 2768 237 2824 reor3
256 2747 377 2812 vidistis
395 2747 493 2812 enim:
512 2771 570 2812 sua
586 2759 693 2814 narret
709 2746 833 2825 Ulixes,

62 2854 147 2917 quae
165 2832 232 2897 sine
250 2843 329 2898 teste
346 2833 442 2918 gerit,
461 2855 595 2917 quorum
612 2856 676 2898 nox
694 2833 820 2899 conscia
836 2833 904 2898 sola
922 2844 979 2898 est.
996 2869 1040 2881 —
1106 2855 1137 2905 15

62 2917 207 3004 praemia
223 2940 340 3003 magna
357 2918 422 3002 peti
439 2918 553 2996 fateor;
573 2920 628 2984 sed
647 2919 744 2985 demit
760 2920 912 2984 honorem

63 3002 223 3068 aemulus:
241 3003 335 3068 Aiaci
351 3026 416 3068 non
434 3014 482 3068 est
499 3004 636 3070 tenuisse
654 3005 836 3090 superbum,

64 3090 105 3154 sit
120 3088 196 3153 lieet
212 3088 273 3152 hoc
289 3088 417 3174 ingens,
434 3089 585 3173 quicquid
604 3090 742 3174 speravit
757 3088 881 3156 Ulixes.

62 3174 124 3240 iste
141 3173 214 3238 tulit
230 3173 367 3259 pretium
384 3174 449 3238 iam
465 3197 551 3240 nunc
567 3175 746 3241 tentaminis
763 3175 873 3240 huiusz

63 3281 127 3344 quo
145 3281 221 3323 cum
237 3258 339 3324 victus
357 3259 429 3336 erit,
447 3282 572 3325 mecum
591 3272 726 3326 certasse
743 3261 872 3326 feretur.
889 3297 934 3310 —
1104 3282 1137 3334 20

63 3356 160 3428 atque
178 3365 254 3430 ego,
272 3344 299 3408 si
316 3345 414 3409 virtus
431 3345 464 3409 in
482 3368 532 3410 me
551 3345 732 3410 dubitabilis
751 3358 843 3424 esset,

62 3429 227 3495 nobilitate
244 3441 356 3514 potens
374 3453 490 3506 essem,
509 3431 682 3496 Telamone
700 3443 834 3510 creatus,

62 3515 189 3580 moenia
206 3516 261 3600 qui
278 3515 353 3580 forti
369 3515 507 3580 Troiana
525 3517 584 3580 sub
602 3517 742 3582 Hercule
760 3518 844 3603 cepit

62 3600 218 3684 litoraque
235 3600 365 3666 intravit
380 3600 547 3687 Pagasaea
566 3600 687 3667 Colcha
704 3603 819 3668 carina.

63 3687 192 3752 Aeaeus
210 3686 285 3751 huic
302 3697 392 3771 pater
409 3698 472 3764 est,
490 3687 544 3771 qui
561 3688 630 3753 iura
648 3688 812 3754 silentibus
828 3690 893 3755 illic
1085 3712 1135 3762 ,25

62 3771 178 3848 reddit,
196 3771 253 3836 ubi
270 3772 428 3837 Aeoliden
446 3796 559 3837 saxum
575 3796 673 3859 grave
692 3772 853 3860 Sisyphon
870 3786 972 3862 urget.

62 3858 194 3923 Aeacon
211 3857 355 3943 agnoscit
373 3881 515 3923 summus
532 3860 715 3944 prolemque
733 3861 851 3926 fatetur

61 3940 205 4028 Iuppiter
222 3965 292 4008 esse
309 3966 410 4009 suam.
453 3944 499 4009 sic
517 3945 558 4008 ab
574 3945 653 4010 Iove
670 3947 780 4011 tertius
798 3947 894 4012 Aiax.

61 4048 121 4094 nec
136 4038 244 4094 tamen
262 4028 342 4094 haec
358 4029 455 4096 series
472 4030 506 4094 in
523 4052 651 4095 causam
669 4033 782 4117 prosit,
801 4032 929 4112 Achivi,

10 4200 14 4219 ,
62 4112 182 4185 anthi
199 4136 275 4185 eum
290 4136 407 4207 magno
424 4137 490 4187 non
507 4128 555 4189 est
572 4117 747 4188 communis
765 4118 901 4190 Achille.
1100 4140 1134 4196 ec
