2574 4478
146 206 189 272 34
373 186 391 198 ”
476 220 510 274 Ρ.
528 220 652 277 cumn
668 218 831 275 unsours

145 346 237 430 plura
253 342 355 427 loqui,
372 343 521 427 vocisque
538 366 628 408 meae
645 343 859 429 praecluditur
874 364 962 408 usus.

145 452 210 494 non
227 430 353 495 fuerant
370 441 451 494 artes
469 430 562 504 tanti,
580 450 662 511 quae
679 429 816 492 numinis
833 428 913 490 iram

79 535 129 585 ooo
146 526 329 580 contraxere
346 515 438 591 mihi;
455 516 582 579 mallem
598 514 736 579 nescisse
753 513 870 577 futura.

144 602 209 666 iam
226 601 304 664 mihi
322 600 455 664 subduci
472 601 569 665 facies
586 599 726 663 humana
743 599 877 675 videtur,

145 688 210 750 iam
227 686 316 750 cibus
333 686 431 750 herba
448 687 565 770 placet,
582 686 646 748 iam
663 685 734 749 latis
751 706 876 749 currere
893 685 1011 770 campis

145 772 282 856 impetus
300 781 357 836 est.
400 772 433 834 in
451 793 564 855 equam
582 781 779 870 cognataque
797 791 928 854 corpora
945 782 1059 836 vertor.

146 868 212 922 tota
229 870 335 922 tamen
352 857 469 940 quare?
485 869 576 942 pater
593 869 641 921 est
657 856 735 919 m1hi
751 878 866 940 nempe
882 855 1025 920 biformis
1041 856 1093 905 -’

80 961 128 1011 665
147 943 222 1007 talia
240 942 356 1007 dicenti
372 965 445 1028 pars
464 953 512 1006 est
529 953 670 1006 extrema
687 942 833 1024 querelae

145 1029 305 1093 intellecta
321 1050 449 1111 parum,
467 1028 662 1111 confusaque
678 1026 777 1090 verba
794 1027 937 1092 fuerunt:

145 1135 220 1178 mox
236 1136 295 1178 nec
312 1113 410 1177 verba
426 1113 554 1196 quidem
570 1134 630 1177 neo
647 1133 748 1195 equae
765 1133 860 1177 sonus
877 1113 930 1178 ille
947 1113 1081 1192 videtur,

146 1199 202 1262 sed
220 1199 394 1262 simulantis
412 1220 541 1281 equam:
559 1219 721 1284 parvoque
737 1198 771 1261 in
787 1208 928 1347 tempore
946 1210 1047 1264 certos

146 1284 243 1348 edidit
260 1284 399 1348 hinnitus
417 1296 449 1348 et
465 1284 613 1349 bracchia
629 1284 729 1347 movit
744 1284 779 1347 in
794 1283 853 1347 her
875 1307 919 1348 as.

78 1390 128 1440 670
145 1381 213 1433 tum
232 1370 322 1455 digiti
339 1376 454 1434 co'e'unt
471 1380 503 1434 et
520 1369 633 1453 quinos
651 1369 758 1454 alligat
775 1391 899 1454 ungues

144 1467 297 1540 perpetuo
316 1476 414 1519 cornu
430 1455 509 1519 levis
526 1455 662 1541 ungula3
680 1454 792 1519 erescit
808 1467 840 1519 et
858 1455 920 1519 oris

52 1609 54 1612 Α
145 1551 177 1605 et
193 1540 265 1605 colli
282 1540 432 1625 spatium3
449 1540 564 1625 longae
581 1563 654 1626 pars
671 1540 810 1604 maxima
826 1540 929 1624 pallae

145 1626 246 1690 cauda
263 1625 308 1691 fit.
351 1637 449 1708 utque
466 1627 541 1712 vagi
558 1626 659 1691 crines
676 1649 734 1711 per
750 1626 831 1690 colla
846 1626 1000 1702 iacebant,

144 1710 177 1775 in
195 1713 309 1776 densas
327 1712 432 1777 abiere
448 1711 541 1776 iubas
546 1736 555 1788 ;
572 1711 752 1797 pariterque
769 1723 885 1776 novata
903 1724 950 1775 est

77 1817 126 1867 675
145 1808 176 1862 et
193 1819 257 1862 vox
274 1809 306 1862 et
323 1797 435 1862 facies:
453 1818 568 1862 nomen
585 1817 713 1880 quoque
730 1808 870 1861 monstra
887 1797 1011 1862 dedere.

185 1882 301 1946 Flebat
318 1903 473 1967 opemque
486 1893 575 1947 tuam
587 1882 705 1946 frustra
716 1882 896 1966 Philyreius
910 1882 1013 1959 heros,
1058 1900 1161 1955 Rauca.

143 1966 317 2053 Delphice,
335 1968 496 2053 poscebat.
538 1990 614 2033 nam
630 1990 690 2033 nec
706 1968 883 2032 rescindere
901 1969 1009 2052 magni

143 2052 231 2118 iussa
247 2054 333 2118 Iovis
350 2064 491 2138 poteras,
507 2075 581 2131 nec,
599 2053 625 2117 si
642 2053 820 2119 rescindere
837 2075 956 2138 posses,

143 2148 219 2202 tunc
236 2139 357 2204 aderas.
400 2137 486 2203 Elim
502 2139 727 2222 Messeniaque
744 2161 820 2203 arva
837 2139 972 2203 colebas.

77 2245 126 2295 680
142 2225 222 2289 illud
239 2235 306 2290 erat
323 2235 463 2309 tempus,
481 2246 545 2307 quo
562 2237 594 2290 te
611 2224 749 2308 pastoria
765 2224 856 2310 pellis

143 2310 235 2386 texit,
253 2331 397 2393 onusque
414 2310 474 2374 fuit
481 2312 633 2377 baculum
640 2311 781 2375 silvestre
799 2309 951 2384 sinistrae,

143 2395 270 2461 alterius
289 2396 395 2480 dispar
413 2396 550 2480 septenis
567 2396 673 2460 fistula
690 2395 808 2460 cannis.

144 2481 283 2565 dumque
301 2503 389 2544 amor
406 2493 452 2546 est
471 2503 578 2557 curae,
597 2481 673 2544 dum
694 2490 726 2542 te
748 2491 804 2545 tua
820 2480 926 2544 fistula
942 2480 1068 2558 mulcet,

142 2566 350 2631 incustoditae
367 2566 477 2651 Pylios
494 2576 708 2630 memorantur
723 2566 756 2631 in
774 2588 867 2650 agros

76 2673 124 2722 685
142 2652 331 2736 processisse
348 2652 456 2715 boves.
499 2652 586 2716 videt
603 2651 659 2715 has
677 2651 841 2716 Atlantide
858 2650 949 2714 Maia

142 2748 235 2800 natus
253 2747 285 2802 et
302 2748 369 2801 arte
387 2760 445 2801 sua
463 2736 549 2802 silvis
567 2736 703 2801 occultat
720 2736 858 2801 abactas.

143 2834 283 2886 senserat
298 2822 359 2887 hoc
376 2822 496 2886 furtum
512 2844 621 2898 nemo,
638 2821 699 2886 nisi
716 2832 809 2886 notus
827 2823 859 2886 in
876 2821 930 2886 illo

141 2930 214 2972 rure
232 2931 343 2984 senex3
361 2908 493 2972 Battum
509 2907 611 2972 vicina
626 2932 684 2994 per
701 2931 777 2972 arva
794 2908 960 2972 vocabant.

143 2992 248 3058 divitis
265 2992 317 3058 hic
335 2994 434 3057 saltus
451 2992 649 3076 herbosaque
665 3014 784 3078 pascua
800 2991 892 3056 Nelei

75 3097 125 3148 690
142 3078 357 3162 nobiliumque
374 3101 488 3163 greges
506 3090 611 3142 custos
629 3079 776 3142 servabat
792 3099 954 3161 equarum.

141 3163 227 3228 hunc
244 3164 347 3228 timuit
364 3164 543 3246 blandaque
560 3186 656 3228 manu
674 3163 799 3227 seduxit
816 3175 848 3227 et
864 3163 910 3226 illi

140 3249 297 3334 ‘quisquis
315 3272 364 3327 es,
382 3249 515 3334 hospes‚’
534 3249 587 3325 ait,
605 3249 646 3312 ‘si
663 3249 744 3313 forte
762 3260 904 3313 armenta
920 3247 1057 3331 requiret

141 3333 220 3400 haec
238 3335 366 3418 aliquis,
384 3335 500 3398 vidisse
517 3356 610 3418 nega.
652 3357 716 3399 neu
732 3335 835 3418 gratia
853 3333 936 3397 facto

140 3421 228 3485 nulla
244 3421 443 3506 rependatur,
462 3419 593 3483 nitidam
610 3441 688 3504 cape
705 3420 846 3504 praemia
862 3417 1012 3495 vaccam,’

74 3524 122 3575 695
141 3517 173 3570 et
191 3505 286 3570 dedit.
330 3518 461 3590 accepta
477 3526 571 3569 voees
589 3505 645 3568 has
663 3505 799 3568 reddidit
816 3504 944 3589 hospes:

141 3597 242 3654 ‘tutus
261 3612 323 3655 eas.
366 3591 446 3676 lapis
464 3590 522 3655 iste
539 3590 626 3675 prius
644 3600 699 3653 tua
715 3590 801 3654 furta
817 3586 983 3672 loquetur}

141 3687 172 3741 et
189 3677 327 3761 lapidem
345 3676 489 3741 ostendit.
534 3674 660 3739 simulat
675 3675 753 3740 Iove
771 3686 863 3739 natus
882 3674 979 3751 abire,

140 3783 215 3824 mox
232 3761 314 3826 redit
330 3773 362 3826 et
379 3784 471 3827 versa
487 3760 604 3846 pariter
622 3782 695 3824 cum
713 3782 791 3826 voce
807 3761 911 3844 figura

140 3846 284 3921 ‘rustica
303 3846 409 3911 vidisti
426 3847 454 3911 si
471 3868 550 3930 quas
568 3845 628 3910 hoc
644 3845 757 3911 limite’
776 3845 854 3910 dixit

71 3954 121 4004 τοο
140 3933 200 3995 ‘ire
216 3931 331 4009 boves,
348 3932 397 3997 fer
414 3954 506 4017 opem
523 3931 671 4014 furtoque
689 3931 811 3996 silentia
829 3931 929 3996 deme.

138 4018 246 4083 iuncta
263 4037 321 4082 suo
339 4017 474 4107 pretium
492 4017 618 4085 dabitur
635 4016 693 4084 tibi
709 4017 827 4084 femina
844 4013 956 4082 tauro.’
