2574 4478
197 250 258 317 166
531 263 564 316 Ρ.
583 262 707 321 OVIDII
724 261 887 319 NASONIS

192 410 256 453 non
273 410 385 453 nemus
402 386 586 463 Heliadum,
605 409 669 451 non
686 387 852 451 frondibus
870 387 1015 452 aesculus
1033 384 1115 465 altis,

192 496 252 539 nec
270 474 354 538 tiliae
372 474 497 548 molles,
515 495 574 537 nec
591 472 686 557 fagus
703 484 736 537 et
752 472 872 536 innuba
889 474 1009 551 laurus,

192 581 252 624 nec
270 558 369 644 coryli
385 559 515 643 fragiles
534 569 565 622 et
583 558 726 622 fraxinus
743 559 829 622 utilis
847 557 946 621 hastis

193 645 366 727 enodisque
383 645 471 708 abies
488 656 682 726 curvataque
699 643 869 728 glandibus
886 644 949 707 ilex

143 747 175 797 95
194 741 226 795 et
243 731 390 815 platanus
407 729 540 814 genialis
559 750 694 811 acerque
712 729 870 793 coloribus
888 729 1001 813 impar,

194 816 429 898 amnicolaeque
448 813 541 878 simul
560 814 670 879 salices
688 825 720 879 et
737 815 886 897 aquatica
902 814 984 878 lotos

194 912 410 986 perpetuoque
427 901 532 964 virens
550 900 671 963 buxum
688 910 863 982 tenuesque
881 901 1021 984 myricae

195 998 227 1052 et
244 986 364 1050 bicolor
380 997 502 1070 myrtus
521 996 552 1049 et
569 984 656 1048 bacis
675 986 802 1049 caerula
818 985 913 1049 tinus.

194 1094 251 1135 vos
270 1092 411 1154 quoque,
428 1071 600 1156 flexipedes
617 1070 768 1145 hederae,
786 1070 916 1135 venistis
934 1081 965 1134 et
983 1093 1049 1136 una

128 1177 177 1226 100
194 1157 381 1242 pampineae
399 1156 479 1221 vites
498 1167 529 1221 et
545 1156 679 1220 amictae
696 1155 813 1219 vitibus
831 1156 923 1219 ulmi:

195 1243 326 1325 ornique
344 1253 376 1306 et
392 1242 501 1326 piceae
519 1263 676 1326 pomoque
695 1251 824 1305 onerata
840 1241 967 1306 rubenti

195 1330 326 1392 arbutus
345 1338 376 1391 et
393 1328 513 1403 lentae,
531 1328 657 1391 victoris
675 1327 830 1411 praemia,
848 1327 983 1411 palmae,

194 1423 227 1478 et
244 1413 405 1478 succincta
423 1434 529 1477 eomas
546 1413 729 1494 hirsutaque
747 1412 865 1476 vertice
882 1412 987 1497 pinus,

194 1510 287 1584 grata
304 1499 399 1563 deum
415 1499 523 1561 matri:
542 1498 697 1580 siquidem
715 1494 888 1582 Cybeleius
906 1497 992 1562 Attis

77 1603 79 1606 ⁴
129 1603 176 1651 105
195 1584 282 1649 exuit
299 1583 360 1647 hac
377 1584 537 1647 hominem
554 1596 729 1667 truncoque
746 1583 888 1647 induruit
904 1583 969 1646 illo.

237 1668 354 1733 Adfuit
370 1668 444 1732 huic
462 1669 573 1733 turbae
591 1681 691 1733 metas
708 1669 829 1732 imitata
846 1690 1025 1753 cupressus
1055 1686 1208 1754 Cyparissus

195 1777 281 1819 nunc
299 1755 401 1831 arbor,
420 1777 500 1839 puer
517 1766 589 1819 ante
608 1755 667 1819 deo
685 1754 819 1818 dilectus
837 1755 878 1817 ab
896 1754 960 1830 illo,

196 1841 251 1923 qui
268 1839 421 1904 citharam
437 1840 541 1905 nervis
560 1851 592 1904 et
609 1838 713 1904 nervis
731 1849 884 1924 temperat
902 1862 1022 1903 arcum.

195 1946 332 2008 namque
350 1947 439 1990 sacer
451 1927 600 2011 nymphis
610 1925 770 1990 Carthaea
778 1924 957 1989 tenentibus
976 1948 1054 1991 arva

129 2029 178 2078 110
196 2012 307 2096 ingens
326 2033 437 2075 cervus
455 2022 536 2085 erat,
554 2011 680 2092 lateque
696 2011 877 2094 patentibus
895 2010 976 2074 altas

196 2098 264 2181 ipse
282 2118 340 2161 suo
359 2096 453 2180 capiti
470 2096 644 2180 praebebat
661 2096 808 2159 cornibus
826 2096 966 2159 umbras.

196 2203 315 2246 cornua
332 2182 498 2266 fulgebant
515 2202 606 2258 auro,
625 2181 825 2263 demissaque
841 2181 875 2245 in
893 2204 997 2246 armos

195 2268 376 2352 pendebant
393 2267 484 2331 tereti
500 2276 661 2352 gemmata
677 2267 806 2330 monilia
824 2266 914 2330 collo.

197 2354 284 2418 bulla
301 2375 396 2438 super
413 2352 548 2417 frontem
566 2352 672 2437 parvis
690 2363 840 2434 argentea
856 2352 932 2416 loris

130 2457 178 2505 115
196 2439 302 2503 vincta
319 2439 515 2514 movebatur,
534 2438 689 2522 parilique
710 2445 813 2501 aetate
831 2434 975 2499 nitebant

197 2524 326 2589 auribus
344 2547 361 2589 0
379 2524 513 2609 geminis
531 2524 648 2588 circum
666 2543 745 2586 cava
761 2533 904 2606 tempora
921 2526 1030 2588 bacae.

196 2612 287 2693 isque
305 2619 391 2674 metu
409 2631 529 2674 vacuus
545 2608 744 2690 naturalique
761 2630 878 2693 pavore

197 2695 341 2780 deposito
359 2695 517 2760 celebrare
535 2695 644 2758 domos
661 2693 892 2777 mulcendaque
910 2694 992 2758 colla

198 2781 372 2864 quamlibet
387 2780 504 2866 ignotis
522 2780 668 2844 manibus
686 2779 838 2864 praebere
857 2779 988 2844 solebat.

131 2886 180 2936 120
198 2867 254 2931 sed
271 2877 377 2931 tamen
395 2879 467 2931 ante
486 2866 578 2941 alios,
597 2862 683 2930 Ceae
700 2864 909 2949 pulcherrime
926 2866 1042 2950 gentis,

197 2963 307 3038 gratus
325 2963 405 3028 erat,
425 2949 610 3037 Cyparisso,
628 2950 695 3015 tibi.
739 2962 774 3014 tu
791 2950 909 3035 pabula
927 2973 1057 3016 cervum

198 3038 239 3102 ad
255 3060 352 3115 nova,
370 3049 405 3101 tu
422 3037 532 3120 liquidi
550 3036 689 3101 ducebas
706 3036 802 3110 fontis
821 3037 861 3100 ad
878 3035 1012 3100 undam:

197 3134 232 3188 tu
249 3123 344 3187 modo
361 3124 491 3188 tenebas
510 3122 613 3186 varios
631 3145 687 3208 per
704 3143 823 3187 cornua
839 3121 942 3197 flores,

197 3231 283 3274 nunc
301 3230 397 3292 eques
414 3209 446 3273 in
464 3219 512 3273 ter
535 3230 554 3272 o
571 3208 711 3273 residens
728 3207 791 3271 hric
809 3208 909 3272 laetus
928 3217 959 3272 et
975 3206 1053 3274 illuc

131 3314 180 3362 105
198 3295 305 3359 mollia
321 3295 487 3380 purpureis
505 3232 653 3359 denabas
671 3315 727 3357 ora
745 3292 897 3378 capistris.

198 3391 305 3446 aestus
323 3392 404 3454 erat,
423 3380 609 3463 mediusque
628 3379 708 3455 dies,
728 3379 865 3461 solisque
883 3402 1001 3462 vapore

199 3488 338 3531 concava
355 3465 456 3530 litorei
474 3466 639 3530 fervebant
656 3464 804 3528 bracchia
823 3462 949 3528 Caneri.

198 3551 301 3616 fessus
317 3551 351 3615 in
368 3550 503 3616 herbosa
520 3550 626 3636 posuit
643 3572 702 3613 sua
719 3570 851 3634 corpora
868 3561 951 3613 terra

199 3659 310 3702 cervus
328 3647 359 3701 et
377 3637 509 3702 arborea
526 3637 627 3721 frigus
645 3635 781 3699 ducebat
798 3635 839 3698 ab
856 3635 980 3699 umbra.

133 3741 181 3791 100
198 3722 284 3787 hunc
300 3745 380 3807 puer
395 3722 579 3808 imprudens
596 3721 698 3785 iaculo
717 3718 908 3804 Cyparissus
926 3730 1020 3785 acuto

198 3808 281 3873 fixit:
300 3819 345 3884 et,
363 3819 399 3873 ut
416 3830 511 3874 saevo
529 3807 714 3872 morientem
732 3806 861 3870 vulnere
879 3805 966 3882 vidit,

199 3894 281 3959 velle
298 3893 378 3957 mori
395 3894 514 3958 statuit.
558 3914 640 3971 quae
657 3914 721 3957 non
738 3891 855 3956 solacia
871 3890 1024 3957 Phoebus

200 3978 280 4043 dixit
296 3988 342 4055 et,
361 3988 397 4042 ut
413 3979 524 4043 leviter
540 3998 598 4063 pro
616 3976 809 4060 materiaque
827 3976 956 4054 doleret,

169 4150 174 4159 ¹
199 4063 376 4131 admonuit!
402 4065 502 4153 gemit
518 4064 571 4131 ille
588 4073 704 4142 tamen,
721 4082 899 4149 munusque
917 4085 1099 4152 supremum
