2574 4478
231 271 597 330 METAMORPHOSEON
613 274 686 328 LIB.
704 275 741 330 X.
759 275 903 331 531-618.
1016 262 1076 328 177

55 398 181 462 sederat
199 397 417 482 Hippomenes
436 418 546 460 cursus
565 407 722 481 spectator
738 398 837 480 iniqui
1095 416 1144 466 5⁷5

55 495 88 547 et
105 489 135 518 “‘
141 483 258 568 petitur
275 482 423 565 cuiquam
441 504 498 566 per
515 492 603 545 tanta
620 483 759 566 pericula
777 483 932 548 coniunx?

55 569 180 633 dixerat
197 590 235 634 ac
252 568 364 631 nimios
382 568 533 631 iuvenum
552 566 714 632 damnarat
733 591 865 634 amores.

54 665 93 718 ut
110 654 224 718 faciem
242 664 271 717 et
290 653 391 738 posito
410 674 524 737 corpus
541 653 696 717 velamine
713 654 801 731 vidit,

55 739 150 822 quale
167 761 288 815 meum,
306 739 357 802 vel
375 738 468 821 quale
485 748 590 812 tuum,
609 739 636 801 si
653 738 771 803 femina
788 740 856 816 fias,

55 824 222 909 obstipuit,
240 824 417 906 tollensque
433 845 546 886 manus
565 824 793 908 “‘ignoscite‚”'
812 825 891 888 dixit

55 915 173 993 “‘quos
190 910 285 972 modo
303 908 444 994 culpavi:
463 909 604 971 nondum
622 909 698 973 mihi
716 910 857 995 praemia
873 921 958 987 nota,

937 483 966 514 m

55 1016 139 1078 quae
155 995 317 1079 peteretis,
336 993 465 1059 erant.'”
509 994 668 1058 laudando
686 995 822 1080 concipit
838 996 929 1080 ignes

55 1092 103 1155 et,
120 1103 160 1144 ne
179 1081 249 1163 quis
266 1079 418 1144 iuvenum
436 1090 541 1143 currat
558 1080 712 1157 velocius,
730 1091 819 1165 optat

54 1165 236 1248 invidiaque
254 1166 352 1230 timet.
388 1165 480 1228 “‘sed
498 1187 555 1229 cur
571 1165 750 1230 certaminis
767 1165 861 1230 huius

54 1251 244 1335 intemptata
260 1250 337 1314 mibi
354 1251 483 1314 fortuna
500 1250 738 1333 relinquitur?”'
756 1250 872 1333 inquit:

56 1336 246 1401 “‘audentes
265 1337 343 1399 deus
360 1337 428 1420 ipse
445 1335 574 1400 iuvat.'”
617 1337 694 1400 dum
712 1335 787 1399 talia
804 1357 913 1400 secum

56 1421 156 1506 exigit
173 1422 406 1506 Hippomenes,
423 1443 520 1505 passu
538 1422 623 1485 volat
639 1421 713 1485 alite
730 1421 829 1506 virgo.

55 1529 139 1591 quae
157 1527 350 1589 quamquam
368 1504 519 1590 Scythica
536 1528 600 1570 non
623 1507 720 1570 setius
737 1506 783 1571 ire
801 1505 917 1592 sagitta

55 1591 164 1655 Aonio
181 1592 250 1655 visa
268 1603 316 1655 est
332 1591 450 1667 iuveni,
467 1601 574 1656 tamen
591 1592 643 1655 ille
661 1591 806 1656 decorem

55 1678 190 1741 miratur
206 1678 322 1762 magis3
341 1687 373 1742 et
390 1698 501 1741 cursus
518 1675 593 1740 facit
611 1677 681 1760 ipse
698 1678 853 1741 decorem.

56 1786 136 1827 aura
152 1762 247 1827 refert
266 1762 371 1827 ablata
390 1762 458 1826 citis
476 1761 587 1826 talaria
604 1762 730 1846 plantis,

55 1860 210 1932 tergaque
227 1847 383 1911 iactantur
400 1846 501 1911 crines
518 1869 575 1932 per
593 1847 745 1921 eburnea,
763 1867 909 1931 quaeque

55 1933 229 2034 poplitibus
246 1933 398 1997 suberant
413 1931 498 2017 picto
514 1932 663 2016 genualia
680 1932 791 1996 limbo:

55 2040 153 2101 mque
171 2017 303 2103 puellari
321 2039 434 2102 corpus
452 2018 588 2083 candore
604 2018 752 2082 ruborem

55 2114 204 2179 traxerat,
221 2103 307 2167 haud
324 2102 424 2179 aliter,
441 2124 538 2186 quam
555 2125 629 2167 cum
646 2125 739 2187 super
757 2101 836 2166 atria
853 2101 960 2166 velum

56 2189 193 2254 candida
208 2210 403 2273 purpureum
421 2188 582 2252 simulatas
599 2188 697 2252 inficit
714 2187 852 2251 umbras.

57 2276 135 2339 dum
152 2284 240 2337 notat
257 2273 336 2338 haec
352 2273 481 2357 hospes,
499 2273 632 2337 decursa
649 2272 819 2336 novissima
835 2283 921 2336 meta
938 2282 995 2352 est,

56 2373 89 2425 et
107 2360 225 2444 tegitur
241 2359 323 2422 festa
340 2359 453 2423 victrix
471 2358 623 2421 Atalanta
640 2379 765 2422 corona.

57 2446 135 2509 dant
152 2443 306 2528 gemitum
322 2444 398 2508 victi
416 2444 621 2528 penduntque
639 2466 679 2507 ex
696 2443 823 2507 foedere
840 2464 969 2527 poenas.

56 2551 122 2594 non
140 2541 246 2593 tamen
264 2539 380 2593 eventu
395 2528 519 2593 iuvenis
537 2528 703 2592 deterritus
721 2527 834 2592 horum

58 2614 197 2680 constitit
214 2614 248 2678 in
265 2614 384 2690 medio,
402 2615 555 2696 vultuque
571 2614 605 2678 in
621 2613 743 2699 virgine
760 2613 824 2678 fixo

57 2700 171 2784 “‘quid
188 2699 313 2763 facilem
332 2699 458 2763 titulum
476 2699 653 2784 superando
671 2699 796 2782 quaeris
813 2699 949 2765 inertes?

57 2808 184 2851 mecum
203 2784 359 2848 conferl''’
379 2785 432 2848 ait.
477 2790 569 2850 “‘seu
586 2808 637 2850 me
654 2785 797 2849 Fortuna
813 2796 974 2869 potentem

57 2871 184 2945 fecerit,
202 2893 221 2933 a
238 2880 325 2934 tanto
343 2891 407 2933 non
424 2869 630 2954 indignabere
647 2870 740 2935 vinci.

57 2977 196 3038 namque
214 2955 291 3018 mihi
308 2955 432 3040 genitor
449 2955 621 3039 Megareus
640 2954 847 3021 Onchestius:
865 2956 910 3019 illi

58 3054 106 3108 est
124 3041 293 3126 Neptunus
312 3063 404 3104 avus:
423 3062 579 3125 pronepos
597 3063 657 3125 ego
674 3041 757 3125 regis
776 3062 939 3124 aquarum.

58 3150 118 3192 nec
136 3126 234 3189 virtus
253 3125 331 3190 citra
348 3148 449 3211 genus
467 3135 524 3189 est.
568 3147 624 3189 seu
641 3126 757 3200 vincar,
776 3126 907 3191 habebis

58 3213 261 3313 Hippomene
278 3211 361 3275 victo
378 3234 431 3274 ma
476 3233 530 3273 um
548 3220 580 3275 et
596 3211 798 3276 memorabile
815 3211 970 3276 nomen.”'

58 3299 135 3362 talla
152 3297 307 3361 dicentem
325 3296 412 3361 molli
457 3296 606 3360 choene'r'a
623 3297 713 3360 vultu

59 3381 172 3468 aspicit
188 3393 219 3446 et
237 3381 374 3458 dubitat,
393 3382 534 3465 superari
550 3405 591 3446 an
609 3381 734 3447 vincere
751 3383 848 3449 malit.
1095 3403 1145 3455 :10

59 3479 154 3552 atque
170 3466 216 3530 ita
233 3467 337 3549 “‘quis
357 3467 433 3532 deus
451 3467 536 3532 huno
553 3467 698 3532 formosis
705 3469 733 3497 ”’
751 3469 853 3552 inquit
870 3467 1033 3552 “‘iniquus

58 3552 190 3637 perdere
208 3552 290 3629 vult,
308 3573 462 3635 caraeque
479 3553 567 3617 iubet
584 3553 763 3619 discrimine
781 3555 865 3618 vitae

59 3637 243 3721 coniugium
261 3648 368 3722 petere
386 3637 464 3701 hoc?
481 3660 545 3701 non
562 3661 648 3716 sum,
664 3662 716 3704 me
732 3639 850 3716 iudice,
868 3637 957 3703 tanti.

58 3744 117 3787 neo
135 3721 238 3785 forma
255 3733 369 3807 tangor
385 3721 542 3807 (poteram
559 3735 665 3789 tamen
682 3725 742 3790 hac
760 3747 885 3808 quoque
902 3725 1016 3811 tangi),

59 3807 115 3872 sed
133 3806 219 3889 quod
237 3807 341 3872 adhuc
357 3831 437 3894 puer
454 3819 510 3872 est.
537 3830 601 3873 non
617 3832 668 3875 me
685 3821 791 3875 movet
806 3811 885 3895 ipse,
903 3810 960 3875 sed
979 3821 1074 3877 aetas.
1094 3831 1142 3882 615

58 3891 136 3975 quid
153 3892 239 3974 quod
255 3893 337 3958 inest
354 3893 452 3958 virtus
470 3904 502 3958 et
518 3917 606 3959 mens
623 3894 764 3960 interrita
780 3895 854 3961 leti?

57 3977 134 4060 quid
152 3977 239 4059 quod
257 3978 297 4043 ab
315 4001 472 4062 aequorea
488 3991 671 4044 numeratur
687 3981 806 4066 origine
824 3981 974 4064 quartus?

57 4062 342 4211 quidmpuodlamat
358 4065 499 4151 tantique
515 4076 607 4151 putat
624 4066 759 4133 conubia
775 4079 893 4142 nostra,

139 4163 144 4174 '
161 4162 219 4208 ‘tuot
252 4191 259 4206 .
872 4166 907 4222 12
