2574 4478
170 232 233 298 226
499 243 533 299 P.
552 242 676 300 OVIDII
692 240 856 300 NASONIS

169 380 264 454 atque
280 367 325 434 ita
342 377 486 453 correpto
504 367 699 452 captivamm
717 367 844 452 agmina
861 377 999 429 matrum

102 475 152 525 500
168 456 294 520 invocat
311 465 343 521 et
359 455 475 538 digitos
492 453 525 516 in
543 452 663 538 perfida
679 453 800 517 lumina
817 452 933 528 condit,

170 541 359 626 expellitque
376 539 466 624 genis
484 539 592 602 oculos
609 537 699 618 (facit
716 538 764 602 ira
780 535 978 621 valenteml),

169 627 389 710 immergitque
406 646 534 700 manus,
551 623 741 706 foedataque
758 622 912 709 sanguine
929 621 1012 687 sonti

169 735 233 777 non
249 713 355 776 lumen
364 731 517 792 -neque
530 709 614 774 enim
631 720 788 795 superest:
798 747 837 754 —
852 709 923 773 loca
934 707 1065 773 luminis
1078 708 1185 774 haurit

170 798 258 862 clade
277 797 326 861 sui
342 796 504 860 Thracum
520 817 599 880 gens
616 793 738 859 irritata
754 794 880 879 tyranni

102 903 152 952 505
170 883 297 947 Troada
315 882 448 946 telorum
465 881 670 964 lapidumque
688 880 843 944 incessere
860 879 945 944 iactu

170 968 282 1052 coepit.
326 976 359 1030 at
375 965 454 1031 haec
471 966 603 1029 missum
620 987 716 1030 rauco
733 987 806 1029 cum
823 987 985 1030 murmure
1003 987 1120 1030 saxum

169 1053 325 1118 morsibus
342 1050 518 1134 insequitur
533 1050 677 1134 rictuque
693 1050 726 1114 in
743 1049 841 1115 verba
857 1061 967 1135 parato

169 1139 308 1214 latravit,
326 1147 439 1201 conata
455 1135 553 1218 loqui.
595 1135 683 1201 locus
702 1145 788 1201 extat
805 1146 837 1200 et
854 1157 894 1200 ex
911 1157 945 1200 re

169 1246 285 1289 nomen
301 1223 406 1286 habet.
450 1232 655 1303 veterumque
673 1221 728 1285 diu
745 1242 866 1286 memor
881 1220 936 1285 illa
952 1221 1111 1286 malorum

103 1331 153 1380 570
170 1322 238 1374 tum
255 1330 381 1392 quoque
400 1306 561 1373 Sithonios
579 1306 712 1372 ululavit
726 1318 849 1371 maesta
865 1327 1046 1392 peragras.

168 1397 252 1460 illius
270 1394 434 1476 Troasque
452 1415 526 1457 suos
544 1393 711 1474 hostesque
728 1391 893 1478 Pelasgos,

169 1481 253 1544 illius
270 1478 397 1542 fortuna
414 1479 491 1543 deos
509 1499 635 1561 quoque
653 1488 795 1542 moverat
812 1499 935 1543 omnes:

170 1566 216 1630 sic
233 1586 356 1640 omnes,
374 1574 410 1628 ut
428 1575 460 1628 et
476 1564 546 1649 ipsa
563 1563 649 1628 Iovis
667 1563 867 1646 coniunxque
884 1584 1036 1647 sororque

171 1662 301 1716 eventus
318 1648 487 1714 Hecubam
504 1649 655 1714 meruisse
672 1649 837 1734 negaverit
852 1648 932 1713 illos.

102 1755 152 1806 575
212 1736 244 1799 N
245 1757 287 1799 on
303 1746 395 1799 vacat
412 1736 572 1811 Aurorae,
591 1756 784 1817 quamquam
800 1735 901 1800 isdem
918 1733 1042 1800 faverat
1060 1735 1160 1812 armis,

171 1820 313 1886 cladibus
327 1831 359 1885 et
376 1842 451 1884 casu
464 1819 642 1902 Troiaeque
656 1820 874 1903 Hecubaeque
888 1820 1020 1885 moveri.
1043 1837 1179 1902 [Manava

170 1930 246 1972 cura
264 1906 355 1970 deam
373 1905 500 1990 propior
516 1906 683 1988 luctusque
702 1905 892 1971 domesticus
910 1906 1000 1992 angit

169 1991 351 2056 Memnonis
369 1991 490 2066 amissi,
506 1989 656 2076 Phrygiis
675 2013 770 2074 quem
787 1992 873 2057 lutea
890 1991 1011 2077 campis

170 2077 249 2142 vidit
264 2076 410 2142 Achillea
427 2087 611 2161 pereuntem
629 2077 759 2161 cuspide
775 2088 885 2142 mater.

95 2183 153 2232 580
171 2162 264 2239 vidit,
282 2172 313 2226 et
330 2162 383 2227 ille
401 2162 495 2239 color,
514 2182 577 2244 quo
593 2162 750 2226 matutina
765 2162 939 2229 rubescunt

171 2261 325 2331 tempora,
342 2247 511 2332 palluerat3
528 2247 683 2330 latuitque
699 2247 733 2312 in
749 2247 888 2312 nubibus
905 2247 1023 2315 aether.

171 2345 204 2398 at
220 2354 284 2397 non
300 2331 463 2416 impositos
481 2332 636 2417 supremis
652 2333 780 2418 ignibus
798 2345 884 2399 artus

171 2418 317 2483 sustinuit
334 2428 477 2503 spectare
495 2440 624 2504 parens3
642 2418 699 2484 sed
716 2418 801 2484 crine
819 2419 931 2495 soluto,

171 2504 252 2568 sieut
270 2514 350 2580 erat,
368 2504 476 2588 magni
493 2504 628 2589 genibus
645 2504 853 2590 procumbere
871 2528 934 2570 non
952 2517 1001 2571 est

103 2609 153 2660 585
171 2588 341 2674 dedignata
358 2589 444 2653 Iovis
461 2589 661 2674 lacrimisque
678 2590 736 2655 has
754 2589 870 2657 addere
888 2613 998 2656 voces:

172 2675 333 2739 ‘omnibus
351 2674 490 2751 inferior,
506 2696 585 2758 quas
602 2675 735 2741 sustinet
753 2699 867 2741 aureus
884 2676 1002 2753 aether,
1020 2713 1066 2725 -

169 2784 244 2825 nam
262 2759 339 2823 mihi
356 2770 430 2824 sunt
447 2770 548 2824 totum
564 2759 724 2826 rarissima
741 2763 858 2848 templa
874 2785 932 2847 per
949 2762 1060 2827 orbem
1075 2797 1117 2809 -

171 2845 244 2910 diva
261 2857 366 2910 tamen
383 2845 471 2910 veni:
508 2867 573 2909 non
589 2856 625 2910 ut
642 2846 774 2912 delubra
792 2848 921 2931 diesque

171 2931 226 2996 des
243 2930 321 2994 mihi
337 2929 494 2995 sacrificos
512 2931 723 3015 caliturasque
741 2933 751 2996 i
796 2932 869 2998 ihus
887 2955 957 2998 aras
971 2974 1013 2982 -

103 3037 153 3087 5οο
170 3017 197 3081 01
215 3028 320 3080 tamen
338 3016 486 3101 aspicias,
505 3027 659 3100 quantum
676 3017 734 3081 tibi
750 2955 869 3083 deumina
884 3030 1052 3104 praestem,

169 3113 237 3166 tum
256 3124 327 3165 cum
345 3102 416 3165 1000
433 3123 517 3166 nova
532 3102 634 3167 noctis
652 3102 787 3169 confinia
803 3126 904 3180 servo,

169 3187 310 3273 praemia
327 3186 431 3250 danda
449 3187 651 3271 putes-sed
667 3210 731 3252 000
749 3211 787 3254 00
804 3210 895 3266 cura,
912 3211 1018 3272 neque
1034 3189 1086 3255 hic
1103 3197 1146 3256 est

169 3293 254 3337 nunc
271 3283 371 3337 status
388 3272 548 3348 Aurorae,
564 3273 693 3338 meritos
709 3285 746 3337 ut
761 3285 872 3360 poscat
887 3273 1036 3342 honores:

169 3357 351 3422 Memnonis
369 3356 446 3422 orba
463 3358 525 3422 mei
543 3357 645 3435 venio,
664 3358 718 3442 qui
734 3358 829 3425 fortia
845 3359 963 3425 frustra

102 3462 150 3512 595
169 3465 227 3528 pro
238 3453 356 3590 patruo
374 3443 446 3507 tulit
463 3465 550 3507 arma
567 3465 625 3507 suo
642 3444 813 3529 primisque
830 3445 890 3509 sub
907 3445 998 3510 annis

169 3527 237 3593 occi
259 3529 284 3591 it
300 3551 320 3592 a
336 3527 411 3592 forti
426 3564 470 3575 —
487 3529 533 3592 sie
550 3551 607 3593 vos
625 3530 766 3594 voluistis
783 3565 826 3577 —-
842 3529 979 3597 Achille.

170 3612 225 3690 da,
242 3635 362 3698 precor,
379 3612 454 3678 huic
472 3613 622 3696 aliquem,
641 3615 758 3679 solacia
774 3616 897 3693 mortis,
915 3616 1078 3696 honorem,

170 3721 292 3763 summe
310 3699 405 3764 deum
421 3709 534 3776 rector,
551 3710 756 3783 maternaque
773 3701 904 3767 vuhrera
920 3702 1004 3766 leni.'

169 3782 313 3869 Iuppiter
330 3783 498 3849 adnueratt
517 3806 589 3849 cum
607 3784 788 3851 Memnonis
806 3786 923 3851 arduus
942 3788 1006 3853 alto

102 3889 152 3939 000
170 3867 286 3932 corruit
301 3868 377 3954 igne
393 3892 506 3954 rogus,
523 3870 669 3954 nigrique
687 3871 847 3935 volumina
864 3872 945 3937 fumi

168 3953 305 4018 infecere
323 3953 423 4031 diem3
441 3955 539 4020 veluti
556 3977 628 4020 cum
646 3955 776 4021 flumina
792 3968 882 4020 natas

170 4038 296 4105 exulant
312 4039 459 4118 nebulas,
476 4062 535 4109 nec
553 4040 600 4107 sol
618 4040 791 4107 admittitur
806 4041 899 4108 infra
