2574 4478
220 280 588 340 METAMORPHOSEON
605 283 678 338 LIB.
697 283 749 338 111.
767 283 912 340 als-305.
1034 267 1078 334 45

54 410 193 498 ‘profeci
209 410 288 494 quid
306 411 389 475 enim
407 410 521 475 totiens
539 432 596 494 per
612 408 748 494 iurgia?’
768 407 860 473 dixitz

54 499 142 582 ‘ipsa
158 496 296 582 petenda
312 496 391 560 mihi
409 506 466 560 est.
509 495 625 581 ipsam,
644 496 670 560 si
687 495 826 559 maxima
843 494 925 559 Iuno

54 584 115 647 rite
133 604 240 659 vocor,
257 582 404 667 perdam,
421 581 516 646 sime
532 581 728 666 gemmantia
745 581 856 645 dextra

55 678 182 753 sceptra
199 679 307 733 tenere
325 668 430 744 decet,
448 667 475 730 si
493 689 563 730 sum
580 667 691 751 regina
707 666 857 750 Iovisque
1096 684 1145 734 265

55 765 88 818 et
106 775 196 818 soror
213 764 245 818 et
262 754 414 830 coniunx,
433 763 517 817 certe
535 773 632 816 soror.
676 762 723 828 at,
740 762 833 837 puto,
850 751 936 816 furto
954 761 1002 817 est

56 850 220 916 contenta,
239 849 271 904 et
287 838 419 903 thalami
436 838 540 903 brevis
558 848 606 902 est
623 837 737 902 iniuria
753 837 870 901 nostri?

56 923 208 1009 concipit!
226 924 259 988 id
277 923 398 989 deerat!
417 924 648 1006 manifestaque
666 923 797 987 erimina
813 923 908 1008 pleno

55 1011 119 1074 fert
135 1021 242 1087 utero,
260 1021 291 1074 et
308 1021 418 1086 mater,
436 1009 522 1093 quod
540 1009 594 1073 vix
611 1008 689 1072 mihi
706 1008 852 1094 contigit,
869 1030 935 1074 uno

57 1097 97 1160 de
115 1096 194 1160 Iove
212 1097 280 1161 vult
296 1095 378 1160 fierit
401 1106 490 1159 tanta
507 1105 555 1160 est
571 1094 689 1159 fiducia
705 1095 836 1160 formae.

55 1182 148 1246 fallat
166 1205 236 1247 eam
253 1182 337 1246 faxo
380 1204 441 1246 nec
458 1204 529 1245 sum
547 1179 711 1257 Saturnia,
730 1181 838 1245 sinon

57 1267 99 1331 ab
116 1268 196 1332 Iove
213 1290 316 1333 mersa
333 1288 390 1331 suo
409 1265 540 1352 Stygias
556 1267 734 1351 penetrabit
751 1267 792 1331 ad
809 1263 932 1332 undas!

58 1353 162 1439 surgit
179 1354 220 1417 ab
238 1353 287 1417 his
305 1353 398 1430 solio,
416 1353 568 1436 fulvaque
585 1353 748 1417 recondita
765 1353 849 1418 nube

58 1439 155 1504 limen
173 1439 240 1502 adit
257 1438 408 1505 Semeles.
451 1459 510 1502 neo
528 1439 628 1502 nubes
646 1450 719 1502 ante
736 1438 879 1514 removit,

59 1547 154 1607 quam
174 1525 334 1589 simulavit
351 1546 447 1588 anum
465 1523 632 1608 posuitque
651 1524 692 1588 ad
709 1535 851 1609 tempora
869 1546 965 1591 canos

59 1609 257 1693 sulcavitque
275 1621 379 1674 cutem
395 1609 498 1695 rugis,
517 1619 548 1674 et
566 1631 663 1674 curva
680 1611 825 1674 trementi

58 1695 203 1760 membra
220 1695 292 1760 tulit
307 1718 414 1780 passu.
458 1716 569 1760 vocem
587 1716 714 1844 quoque
732 1695 807 1760 fecit
824 1696 948 1774 anilem,

57 1781 191 1866 ipsaque
209 1792 277 1846 erat
293 1780 411 1856 Beroe,
430 1779 572 1846 Semeles
620 1781 765 1865 pidauria
780 1781 897 1846 nutrix.

59 1889 135 1952 ergo
154 1867 212 1931 ubi
229 1876 355 1952 captato
372 1888 517 1931 sermone
535 1866 653 1949 diuque
670 1867 829 1949 loquendo

60 1953 99 2016 ad
117 1973 234 2016 nomen
252 1974 366 2016 venere
383 1951 484 2028 Iovis,
502 1951 639 2037 suspirat
656 1962 688 2016 et
705 1962 804 2036 ‘opto,

59 2038 204 2125 Iuppiter
220 2048 256 2102 ut
273 2038 326 2102 sit'
345 2037 398 2101 ait.
443 2043 565 2102 ‘metuo
583 2047 689 2101 tamen
707 2039 822 2102 omnia.
866 2038 958 2104 multi

59 2124 186 2189 nomine
205 2123 350 2188 divorum
366 2123 521 2188 thalamos
538 2123 635 2188 iniere
653 2123 794 2208 pudicos.

59 2232 117 2275 nec
134 2221 244 2273 tamen
262 2232 330 2274 esse
347 2209 457 2273 Iovem
475 2209 551 2274 satis
569 2219 625 2274 est.
668 2209 722 2274 det
739 2210 856 2294 pignus
874 2211 998 2286 amoris,

59 2297 85 2360 si
102 2295 200 2359 modo
217 2317 311 2359 verus
328 2295 355 2358 is
374 2306 431 2360 est.
473 2305 673 2379 quantusque
691 2305 723 2359 et
740 2295 842 2378 qualis
860 2295 901 2358 ab
920 2297 984 2360 alta

58 2381 183 2446 Iunone
202 2379 367 2466 excipitur,
384 2389 490 2445 tantus
508 2381 657 2464 talisque,
674 2392 796 2465 rogato,

60 2468 112 2532 det
129 2466 189 2530 tibi
207 2466 389 2551 complexus
407 2487 528 2548 suaque
546 2476 619 2530 ante
635 2464 772 2550 insignia
790 2466 913 2530 sumat?

59 2552 177 2616 talibus
194 2550 338 2637 ignaram
355 2551 437 2615 Iuno
456 2549 632 2616 Cadmeida
649 2551 740 2616 dictis

58 2640 223 2703 formarat..
266 2648 359 2722 rogat
375 2636 429 2701 illa
446 2637 556 2702 lovem
575 2636 642 2703 sine
659 2637 787 2704 nomine
804 2660 930 2703 munus.

60 2724 112 2788 cui
129 2723 209 2788 deus
228 2722 337 2807 ‘elige'
356 2722 412 2798 ait,
432 2723 565 2786 ‘nullam
581 2723 702 2808 patiere
719 2724 888 2809 repulsam.

59 2830 190 2894 quoque
206 2809 308 2893 magis
326 2807 449 2885 credas,
469 2806 575 2893 Stygii
592 2829 719 2892 quoque
737 2809 863 2874 conscia
880 2821 974 2875 sunto

58 2895 192 2960 numina
209 2893 369 2958 torrentis:
388 2893 482 2957 timor
499 2904 530 2958 et
548 2893 626 2958 deus
643 2894 695 2959 ille
714 2894 846 2960 deorum
864 2896 930 2960 est'

58 2983 144 3047 lacta
161 2979 245 3044 malo
261 2978 457 3063 nimiumque
474 2990 586 3064 potens
603 2980 806 3064 perituraque
824 2979 957 3045 amantis

59 3066 214 3148 obsequio
233 3062 359 3130 Semele
376 3065 518 3216 ‘qqalem
536 3063 699 3131 Saturnia’
718 3066 798 3130 dixit

58 3160 104 3218 ‘te
122 3153 205 3216 solet
221 3148 382 3236 amplecti,
432 3150 534 3214 eneris
552 3172 624 3215 oum
641 3150 754 3215 foedus
771 3152 868 3230 initis,

59 3238 102 3302 da
118 3235 198 3300 mihi
214 3247 246 3300 te
262 3235 379 3300 talem?
423 3235 522 3300 voluit
539 3234 617 3300 deus
635 3256 691 3301 ora
707 3236 865 3320 loquentia

58 3323 253 3409 opprimere:
272 3322 391 3386 exierat
407 3320 472 3385 iam
489 3343 552 3385 vox
569 3331 737 3470 properata
755 3323 814 3387 sub
832 3345 935 3388 auras.

58 3407 225 3495 ingemuit.
266 3407 472 3490 nequeenim
489 3428 554 3471 non
594 3429 651 3472 aec
667 3418 807 3493 optasse,
826 3430 929 3492 neque
946 3408 999 3473 ille

58 3516 123 3559 non
141 3494 262 3557 iurasse
279 3502 392 3578 potest
435 3514 512 3578 ergo
528 3492 755 3558 maestissimus
773 3495 873 3558 altum

59 3579 190 3645 aethera
207 3577 403 3654 conscendit,
421 3578 574 3663 vultuque
592 3578 755 3663 sequentia
772 3580 868 3643 traxit

57 3665 184 3741 nubila,
203 3667 272 3746 quis
289 3662 415 3728 nimbos
432 3662 628 3748 inmixtaque
645 3664 774 3751 fulgura
790 3665 892 3730 ventis

59 3749 182 3816 addidit
199 3759 232 3813 et
248 3749 381 3814 tonitrus
400 3759 432 3813 et
448 3748 628 3815 inevitabile
646 3750 777 3815 fulmen.

58 3857 123 3919 qua
140 3847 247 3900 tamen
263 3855 366 3918 usque
382 3844 500 3920 potest,
518 3835 601 3900 vires
619 3835 679 3900 sibi
697 3836 822 3901 demere
839 3845 981 3921 temptat.

56 3943 131 3999 neo,
150 3940 215 4004 quo
233 3920 445 3984 centimanum
463 3919 619 3986 deiecerat
635 3921 710 4006 igne
727 3920 892 4006 Typhoea,

56 4028 144 4071 nunc
161 4015 302 4070 armatur
318 4027 371 4071 eo:
389 4004 522 4069 nimium
538 4005 671 4071 feritatis
688 4006 721 4070 in
738 4007 792 4070 illo
809 4018 866 4071 est.

57 4103 105 4167 est
123 4091 212 4163 aliud
228 4091 331 4161 levius
346 4090 483 4174 tulmen,
501 4091 553 4159 cui
571 4092 681 4162 dextra
702 4089 879 4184 Cyclopum

182 4368 202 4429 d,
