2574 4478
201 304 255 384 11·
532 328 890 396 55511555155155

141 474 190 525 155
207 467 311 522 555155
327 455 360 520 in
378 454 541 538 obliquum
558 466 606 520 est
622 456 685 520 lato
703 457 883 522 curvamine
899 456 999 533 limes,

207 562 420 624 zonarumque
438 541 533 604 trium
550 552 714 607 contentus
732 543 794 607 fine
811 544 982 626 polumque

207 628 320 713 effugit
336 627 503 692 australem
520 626 721 710 iunctamque
738 628 936 711 aquilonibus
954 629 1084 692 Arcton.

207 714 268 778 hac
285 713 325 777 sit
341 712 413 777 itere
431 711 597 776 manifesta
613 723 701 777 rotae
718 713 851 799 vestigia
869 736 986 779 cernes.

208 811 305 882 utque
322 798 425 863 ferant
442 817 559 880 aequos
577 807 608 862 et
625 799 747 862 caelum
765 810 796 863 51
813 810 896 863 terra
914 800 1042 874 calores,

143 901 191 950 135
208 907 267 949 nec
283 905 390 970 preme
406 904 465 948 nec
483 905 641 946 summum
657 884 767 949 molire
783 907 841 969 per
858 884 985 950 aethera
1002 905 1138 949 currum.

209 970 302 1034 altius
320 990 464 1054 egressus
482 969 628 1033 caelestia
644 978 727 1034 tecta
745 971 907 1047 cremabis,

208 1055 338 1120 inferius
355 1065 468 1120 terras:
486 1054 590 1118 medio
607 1055 780 1119 tutissimus
796 1056 866 1120 ibis.

208 1163 272 1206 neu
289 1151 321 1204 te
338 1138 495 1206 dexterior
511 1149 627 1204 tortum
644 1139 779 1205 declinet
795 1140 836 1205 ad
853 1142 1013 1225 Anguem,

209 1249 289 1291 neve
308 1224 478 1290 sinisterior
493 1246 633 1310 pressam
651 1236 721 1289 rota
737 1226 832 1290 ducat
849 1227 889 1291 ad
907 1227 1021 1289 Aram:

144 1329 193 1377 140
209 1311 290 1376 inter
307 1323 474 1395 utrumque
491 1322 572 1374 tene.
614 1310 774 1376 Fortunae
791 1322 895 1377 cetera
911 1311 1036 1387 mando,

211 1419 292 1481 quae
308 1396 396 1460 iuvet
412 1406 443 1460 et
459 1396 585 1472 melius,
603 1416 699 1478 quam
716 1406 751 1460 tu
769 1397 839 1472 tibi,
858 1397 1000 1460 consulat
1017 1404 1101 1481 opto.

211 1483 288 1546 dum
304 1482 425 1564 loquor,
443 1481 599 1565 Hesperio
617 1482 734 1566 positas
750 1481 784 1546 in
801 1482 890 1546 litore
906 1492 1004 1545 metas

138 1631 139 1634 ,
210 1567 318 1631 515ἱό5
334 1589 397 1631 nox
415 1565 526 1650 tetigit.
569 1586 632 1630 non
650 1578 698 1632 est
715 1589 803 1630 mora
818 1567 917 1631 libera
933 1565 1038 1630 nobis:

209 1653 377 1739 poscimur.
421 1651 552 1736 effulget
569 1651 705 1716 tenebris
724 1674 836 1716 aurora
852 1652 980 1737 fugatis.

144 1755 192 1804 145
212 1739 332 1822 corripe
349 1738 417 1801 lora
433 1759 530 1800 manu
545 1772 590 1783 —
605 1738 670 1814 vel,
688 1737 714 1802 si
731 1736 882 1801 mutabile
899 1747 1010 1822 pectus

212 1834 259 1886 est
276 1823 347 1898 tibi,
365 1823 515 1897 consiliis,
533 1844 597 1885 non
614 1822 757 1886 curribus
774 1832 861 1887 utere
878 1822 1002 1897 nostris,

211 1910 287 1973 dum
304 1917 393 1994 potes
410 1920 442 1972 et
459 1907 565 1971 solidis
583 1907 761 1972 etiamnunc
778 1907 904 1971 sedibus
922 1917 1015 1981 astas,

213 1995 351 2076 dumque
368 1992 449 2056 male
466 2003 589 2078 optatos
606 1993 746 2057 nondum
763 1992 878 2078 premis
895 1992 1012 2055 inscius
1030 2015 1115 2057 axes.

211 2100 294 2162 quae
311 2089 397 2141 tutus
415 2101 429 2141 s
453 2089 551 2153 ectes,
569 2077 635 2140 sine
652 2100 703 2141 me
721 2077 795 2141 dare
811 2077 931 2141 lumina
947 2077 1056 2141 terris!

146 2182 195 2231 155
212 2175 346 2249 occupat
362 2163 414 2227 ille
431 2100 533 2227 ierem
550 2162 688 2227 iuvenali
704 2183 833 2247 corpore
852 2184 978 2226 currum

212 2259 335 2331 statque
353 2270 457 2333 super,
474 2247 681 2330 manibusque
699 2247 787 2311 datas
804 2247 984 2332 contingere
1001 2247 1141 2313 habenas

211 2334 331 2419 gaudet
348 2345 379 2398 et
395 2333 492 2397 invito
509 2343 614 2416 grates
632 2333 699 2418 agit
714 2333 788 2397 inde
804 2334 935 2418 parenti.

212 2421 333 2483 interea
349 2419 506 2494 volucres,
523 2417 637 2502 Pyrois
655 2429 686 2483 et
702 2416 791 2482 Eous
808 2428 840 2482 et
856 2418 993 2495 Aethon,

214 2503 298 2570 Solis
316 2504 403 2586 equi,
421 2514 613 2586 quartusque
630 2503 788 2589 Phlegon,
805 2502 977 2567 hinnitibus
995 2526 1087 2568 auras

147 2607 194 2655 155
212 2589 405 2653 flammiferis
422 2589 553 2674 implent
570 2589 765 2673 pedibusque
782 2589 934 2673 repagula
950 2589 1085 2673 pulsant.

213 2695 294 2757 quae
335 2684 481 2756 ostquam
495 2672 629 2758 Tethys,
647 2673 783 2736 fatorum
800 2674 910 2756 ignara
927 2674 1058 2757 nepotis,

212 2697 362 2844 reppuiit,
380 2771 412 2823 51
427 2758 512 2822 facta
529 2768 577 2822 est
593 2757 736 2822 immensi
754 2758 844 2842 copia
859 2759 979 2834 mundi,

214 2844 391 2928 corripuere
407 2844 491 2907 viam
508 2842 704 2927 pedibusque
720 2864 777 2927 per
794 2849 867 2907 ae'ra
883 2844 975 2907 motis

214 2930 373 2993 obstantes
390 2928 536 2992 scindunt
552 2926 684 2991 nebulas
701 2927 875 3012 pennisque
891 2927 987 2992 levati

147 3033 196 3081 160
212 3025 412 3099 praetereunt
429 3024 513 3076 ortos
530 3012 630 3076 isdem
648 3012 687 3076 de
704 3013 846 3097 partibus
864 3035 966 3077 euros.

214 3099 270 3163 sed
286 3099 355 3163 leve
372 3098 495 3183 pondus
512 3107 591 3172 erat,
610 3119 668 3161 nec
684 3097 770 3180 quod
788 3119 976 3182 cognoscere
993 3108 1122 3183 possent

214 3182 297 3249 Solis
315 3185 401 3266 equi,
419 3183 571 3265 solitaque
587 3182 698 3266 iugum
714 3183 868 3267 gravitate
886 3184 1022 3247 carebat.

213 3281 310 3351 utque
326 3269 435 3333 labant
451 3289 566 3332 curvae
583 3267 665 3331 iusto
683 3267 750 3332 sine
766 3268 905 3353 pondere
921 3291 1018 3333 naves

214 3375 332 3438 perque
350 3375 436 3418 mare
452 3352 613 3416 instabiles
631 3352 728 3416 nimia
744 3353 871 3418 levitate
888 3354 1041 3430 feruntur,

149 3458 196 3506 165
215 3439 260 3502 sic
277 3460 371 3503 onere
388 3449 513 3502 assueto
531 3459 649 3500 vacuus
668 3437 721 3500 dat
738 3437 769 3501 in
789 3444 865 3502 ae'ra
878 3439 975 3502 saltus

215 3525 449 3606 succutiturque
467 3523 528 3587 alte
547 3521 718 3604 simihsque
735 3531 782 3586 551
800 3545 908 3586 currus
926 3522 1019 3586 inani.

215 3608 300 3690 quod
317 3609 448 3672 simulac
466 3629 604 3683 sensere,
622 3617 716 3671 ruunt
735 3607 904 3691 tritumque
920 3608 1101 3689 relinquunt

215 3693 393 3777 quadriiugi
411 3693 561 3778 spatium,
578 3713 637 3756 nec
654 3713 717 3774 quo
734 3693 835 3776 prius,
853 3692 961 3756 ordine
979 3701 1117 3758 currunt.

214 3777 281 3862 ipse
298 3790 405 3862 pavet:
423 3800 482 3843 nec
500 3799 563 3860 qua
579 3777 760 3840 commissas
777 3777 882 3842 flectat
897 3776 1047 3851 habenas,

148 3880 197 3930 170
214 3884 272 3926 nec
290 3863 362 3938 scit,
380 3884 444 3945 qua
461 3863 500 3926 sit
517 3863 585 3938 iter,
602 3883 676 3938 nec,
695 3863 721 3924 si
738 3863 829 3939 sciat,
846 3863 978 3946 imperet
994 3862 1065 3926 illis.

213 3958 281 4010 turn
298 3948 433 4031 primum
450 3948 544 4011 radiis
562 3946 657 4032 gelidi
675 3948 798 4012 caluere
815 3947 941 4024 triones,

214 4044 245 4096 51
262 4032 358 4096 vetito
376 4032 493 4096 frustra
510 4041 701 4117 temptarunt
719 4054 853 4116 aequore
871 4032 983 4117 tingui.

213 4137 357 4204 quaeque
375 4118 447 4207 polo
465 4118 567 4207 posita
584 4127 632 4181 est
647 4117 773 4206 glaciali
789 4117 933 4209 proxima
949 4140 1088 4208 serpens,
