2574 4478
242 244 607 305 METAMORPHOSEON
624 246 696 303 LIB.
715 246 737 303 1.
756 245 898 304 cto-737.

62 374 243 459 virginitate
260 375 362 440 deam.
405 374 468 440 ritu
508 395 612 458 uoque
630 372 732 438 cincta
748 372 874 438 Dianae

62 461 199 538 falleret,
218 474 248 526 et
270 474 375 546 posset
393 461 478 526 credi
526 460 646 537 atonia,
665 460 772 524 sinon

63 569 196 611 corneus
214 546 288 611 huic
306 567 411 622 arcus,
429 547 456 612 si
473 568 537 611 non
554 547 636 611 foret
653 568 767 610 aureus
784 545 839 609 illi.

62 631 108 697 sic
126 653 253 716 quoque
270 632 410 697 fallebat.
453 633 636 699 redeuntem
654 631 733 696 colle
750 630 879 716 Lycaeo

61 718 134 782 Pan
151 717 336 782 videt-hanc
353 718 492 803 pinuque
510 729 605 803 caput
622 717 819 804 praecinctus
837 725 930 780 acuta

63 803 139 868 talia
156 803 253 868 verba
270 803 380 869 refert'
480 803 620 869 restabat
637 802 735 868 verba
750 802 878 878 referre,

64 900 96 953 et
112 887 258 974 precibus
277 889 388 974 spretis
405 888 526 974 fugisse
544 910 601 974 per
617 888 689 952 avia
705 886 888 972 nympham,

63 974 164 1039 donec
181 974 326 1039 harenosi
343 974 503 1059 placidum
520 973 662 1038 Ladonis
680 973 721 1037 ad
738 994 863 1037 amnem

63 1060 184 1124 venerit
189 1083 198 1137 ;
216 1059 268 1124 hic
285 1060 385 1135 illam,
404 1081 530 1124 cursum
547 1058 792 1144 impedientibus
809 1057 912 1134 undis,

63 1158 101 1209 ut
116 1167 151 1210 se
168 1155 339 1222 mutarent,
356 1145 492 1229 liquidas
510 1167 616 1209 orasse
633 1165 770 1221 sorores3

62 1231 217 1313 Panaque
235 1252 308 1294 cum
325 1253 473 1316 prensam
490 1229 551 1295 sibi
567 1229 630 1294 iam
649 1227 789 1314 Syringa
804 1238 939 1313 putaret,

64 1337 195 1400 corpore
211 1337 270 1401 pro
286 1315 446 1416 nymphae
463 1316 600 1381 calamos
618 1315 756 1379 tenuisse
774 1315 928 1399 palustres
933 1337 942 1391 ;

64 1401 203 1483 dumque
219 1400 265 1466 ibi
282 1413 433 1487 suspirat,
450 1412 552 1466 motos
568 1401 602 1465 in
618 1399 795 1464 harundine
812 1410 922 1464 ventos

63 1487 207 1551 effecisse
224 1509 337 1551 sonum
355 1498 482 1552 tenuem
499 1486 696 1569 similemque
713 1486 869 1568 querenti;

63 1583 131 1636 arte
148 1594 232 1636 nova
248 1572 397 1655 vocisque
415 1572 510 1637 deum
528 1571 694 1635 dulcedine
712 1581 839 1655 captum

64 1658 149 1721 “hoc
165 1656 242 1720 mihi
259 1657 426 1722 concilium
443 1657 571 1723 tecum'’
591 1656 706 1720 dixisse
723 1654 919 1734 “manebit''
999 1662 1005 1674 ’

63 1754 159 1826 atque
176 1743 221 1806 ita
238 1742 415 1829 disparibus
433 1743 561 1807 calamis
579 1741 765 1827 compagine
782 1763 873 1808 cerae

62 1829 146 1893 inter
162 1850 197 1893 se
213 1827 327 1894 iunctis
343 1850 458 1892 nomen
477 1828 615 1894 tenuisse
632 1828 767 1912 puellae.

62 1913 140 1979 talia
157 1914 297 1979 dicturus
314 1913 392 1978 vidit
410 1911 573 1998 Cyllenius
591 1935 699 1978 omnes

63 1999 267 2065 succubuisse
286 1999 408 2077 oculos,
426 1999 639 2084 adopertaque
656 1998 776 2063 lumina
792 2018 913 2063 somno.

64 2084 231 2171 supprimit
248 2087 407 2169 extemplo
424 2106 533 2150 vocem
551 2085 717 2167 firmatque
735 2105 890 2168 soporem,

63 2170 215 2256 languida
232 2171 428 2256 permulcens
445 2170 601 2235 medicata
616 2169 736 2233 lumina
752 2170 857 2254 virga:

62 2278 123 2322 nec
140 2278 243 2333 mora,
261 2257 377 2320 falcato
393 2266 555 2321 nutantem
573 2255 718 2320 vulnerat
734 2277 819 2331 ense,

64 2364 129 2426 qua
146 2342 227 2407 collo
245 2352 293 2407 est
310 2341 432 2407 confine
450 2353 558 2427 caput,
577 2360 717 2423 saxoque
735 2351 900 2404 cruentum

64 2427 160 2492 deicit
177 2438 210 2492 et
225 2427 365 2492 maculat
403 2437 582 2512 raeruptam
600 2425 754 2511 sanguine
770 2448 892 2510 rupem.

63 2514 169 2614 Arge,
187 2512 285 2579 iaces:
304 2534 367 2596 quo
390 2533 452 2596 que
468 2512 502 2577 in
518 2523 565 2576 tot
580 2512 701 2576 lumina
717 2512 824 2576 lumen
841 2511 992 2588 habebas,

65 2609 238 2663 extinctum
256 2607 317 2674 est,
335 2609 524 2683 centumque
542 2598 649 2662 oculos
666 2618 730 2660 nox
747 2608 879 2682 occupat
896 2620 970 2661 una.

65 2683 181 2769 excipit
198 2684 255 2748 hos
273 2683 471 2766 volucrisque
488 2706 565 2748 suae
583 2681 732 2748 Saturnia
749 2682 860 2767 pennis

65 2770 197 2834 collocat
215 2778 247 2834 et
263 2769 396 2854 gemmis
414 2769 549 2833 caudam
566 2767 762 2832 stellantibus
779 2768 899 2852 implet.

85 2855 207 2919 rotinus
225 2854 340 2920 exarsit
357 2876 416 2919 nec
433 2865 576 2939 tempora
593 2853 714 2917 distulit
729 2853 805 2928 irae,

64 2878 312 3022 horriferamque
330 2939 430 3004 oculis
448 2940 614 3021 animoque
632 2937 746 3003 obiecit
763 2937 887 3022 Erinyn

63 3023 371 3109 paelicisArgolicae
379 3025 585 3108 stimulosque
601 3024 635 3088 in
651 3035 778 3111 pectore
795 3045 906 3088 caecos

65 3111 205 3176 condidit
220 3121 253 3175 et
269 3113 438 3196 profugam
478 3133 512 3174 er
528 3121 628 3174 totum
646 3109 756 3174 terruit
772 3109 890 3174 orbem.

64 3196 354 3261 ultimusimmenso
371 3133 526 3271 restabas,
543 3196 631 3271 Nile,
649 3194 759 3259 labori.

64 3303 160 3365 quem
178 3281 310 3345 simulac
327 3281 443 3366 tetigit,
461 3280 634 3365 positisque
651 3279 685 3343 in
701 3279 843 3364 margine
861 3279 948 3365 ripae

63 3366 233 3453 procubuit
249 3366 384 3452 genibus
402 3367 613 3451 resupinoque
630 3365 730 3430 ardua
748 3366 838 3442 collo,

63 3474 143 3536 quos
160 3450 263 3537 potuit
279 3452 376 3526 solos,
395 3452 506 3516 tollens
524 3451 565 3516 ad
583 3451 685 3515 sidera
701 3452 817 3526 vultus,

63 3548 95 3602 et
111 3537 233 3622 gemitu
250 3548 282 3602 et
297 3535 433 3601 lacrimis
451 3547 483 3602 et
499 3537 652 3601 luctisono
670 3535 793 3621 mugitu

63 3646 137 3687 cum
153 3623 232 3705 Iove
248 3622 317 3687 visa
334 3621 424 3705 queri
441 3622 598 3705 finemque
616 3643 704 3686 orare
721 3621 886 3684 malorum.

63 3708 207 3794 coniugis
224 3707 277 3773 ille
295 3730 371 3772 suae
389 3708 572 3792 complexus
590 3707 671 3771 colla
687 3705 821 3781 lacertis,

62 3794 151 3858 finiat
167 3804 204 3857 nt
220 3815 338 3878 poenas
356 3793 498 3867 tandem,
516 3803 616 3877 rogat,
635 3792 759 3874 ‘in'que
777 3789 933 3854 ‘futurum

103 3900 145 3944 ne
162 3878 279 3943 metus’
296 3877 412 3962 inquit,
425 3883 608 3961 ‘numquam
625 3877 683 3941 tibi
701 3899 797 3940 causa
814 3876 929 3940 doloris

60 3901 142 4031 hbeo
159 3964 232 4029 erit'
251 3975 284 4029 et
300 3962 429 4049 Stygias
447 3963 536 4028 iubet
552 3962 613 4027 hoc
630 3961 739 4027 audire
756 3962 899 4048 paludes.

60 4061 97 4117 ut
114 4049 213 4115 lenita
230 4048 291 4115 dea
306 4061 369 4127 est,
386 4049 492 4116 vultus
509 4048 594 4136 capit
609 4048 664 4112 illa
679 4047 799 4135 priores

111 4148 265 4199 mutil-
330 4186 333 4193 ,
892 4145 915 4203 ‘l
