2574 4478
140 273 506 331 METAMORPHOSEON
523 275 596 329 LIB.
613 274 680 330 XII.
698 273 843 330 aco—393.
944 258 1006 324 207

72 423 96 464 ·e
114 399 321 484 Nedymnum
338 399 605 481 iaculatoremque
624 398 783 483 Lycetum
1026 412 1077 463 350

72 487 94 549 it
112 498 143 550 et
160 485 302 549 immissa
318 495 495 570 protectum
513 495 641 569 pectora
658 483 757 547 barba

75 593 151 635 ason
170 582 201 635 et
218 571 349 634 summis
368 581 527 635 extantem
544 569 670 654 Riphea
688 568 774 633 silvis

72 679 185 739 eaque,
203 656 389 720 Haemoniis
408 656 462 738 qui
479 677 610 740 prensos
628 655 788 719 montibus
806 675 897 719 ursos

85 743 214 805 domum
232 741 321 805 vivos
342 742 607 826 indignantesque
624 740 756 805 solebat.

89 828 160 891 tulit
177 838 318 891 utentem
336 849 463 912 pugnae
482 826 681 890 successibus
699 826 782 890 ultra

72 936 109 976 ea
127 912 320 988 Demoleon,
339 913 502 995 solidoque
519 912 670 977 revellere
688 922 799 976 trunco

72 1022 137 1062 sam
154 999 264 1082 pinum
283 1020 400 1082 magno
417 998 578 1061 molimine
597 1006 738 1081 temptat.

88 1084 162 1165 quia
179 1106 243 1147 non
260 1084 378 1167 potuit,
396 1083 606 1167 praefractam
624 1083 709 1147 misit
725 1083 759 1146 in
776 1082 908 1146 hostem.

72 1170 168 1233 ›rocul
186 1192 205 1232 a
222 1170 285 1233 telo
303 1168 448 1233 Theseus
466 1168 612 1233 veniente
629 1168 758 1233 recessit

72 1255 133 1318 ,dos
151 1254 315 1318 admonitu
331 1252 433 1335 (credi
451 1253 496 1318 sie
513 1254 580 1338 ipse
599 1253 753 1338 volebat):

72 1363 171 1404 :amen
189 1339 283 1404 arbor
300 1339 383 1404 iners
402 1338 524 1404 cecidit.
568 1363 643 1403 nam
661 1335 825 1403 Crantoris
843 1337 899 1404 alti

73 1425 118 1489 dit
134 1425 244 1510 iugulo
262 1435 437 1509 pectusque
455 1447 663 1508 umerumque
682 1425 853 1489 sinistrum.

72 1534 121 1595 ger
137 1512 190 1574 ille
208 1510 254 1573 tui
272 1510 377 1574 fuerat
393 1510 558 1594 genitoris,
576 1510 717 1575 Achille:

72 1623 78 1659 ι
96 1596 259 1680 Dolopum
277 1607 380 1660 rector
396 1595 480 1660 bello
498 1607 665 1681 superatus
683 1596 843 1679 Amyntor

74 1682 145 1746 idae
163 1681 294 1745 dederat
310 1681 397 1766 pacis
415 1681 594 1766 pignusque
611 1681 780 1764 fidemque.

85 1768 196 1851 procul
213 1778 248 1830 ut
266 1767 360 1830 foedo
379 1765 542 1830 disiectum
561 1768 690 1831 vulnere
707 1766 824 1832 Peleus

72 1902 75 1922 ‚
95 1858 154 1915 “at
171 1852 315 1928 inferias,
332 1853 484 1916 iuvenum
501 1852 680 1937 gratissime
698 1849 845 1930 Crantor,

76 1937 117 2002 e’'
137 1938 194 2013 ait,
213 1937 382 2020 validoque
399 1937 432 2002 in
449 1937 662 2003 Demoleonta
678 1938 796 2002 lacerto

72 2046 159 2087 neam
178 2022 262 2086 misit
280 2023 434 2088 contentis
452 2021 572 2087 viribus
590 2023 724 2099 hastam,

84 2109 218 2172 laterum
237 2117 354 2172 cratem
372 2108 514 2193 perrupit
531 2119 563 2172 et
581 2108 704 2172 ossibus
722 2107 855 2174 haerens

72 2195 153 2257 nuit.
198 2192 294 2257 trahit
309 2194 362 2258 ille
379 2216 477 2257 manu
495 2193 562 2258 sine
581 2192 711 2278 cuspide
728 2194 864 2278 lignum:

72 2301 161 2362 loque
179 2278 233 2342 vix
251 2279 408 2361 sequitur3
427 2278 532 2364 cuspis
550 2278 699 2363 pulmone
716 2289 838 2343 retenta
856 2291 912 2344 est.

72 2366 159 2429 dolor
177 2365 259 2428 vires
277 2364 381 2428 animo
400 2363 506 2428 dabat.
550 2387 647 2449 aeger
662 2363 696 2427 in
713 2363 837 2428 hostem

72 2474 115 2513 ur
132 2451 330 2534 pedibusque
347 2450 451 2514 virum
468 2449 631 2534 proculcat
648 2449 780 2532 equinis.

72 2537 102 2598 ‚it
118 2537 171 2600 ille
189 2537 270 2599 ictus
288 2535 380 2621 galea
398 2536 563 2620 clipeoque
581 2545 728 2600 sonantes

72 2633 190 2703 rsatque
207 2643 333 2686 umeros
352 2631 577 2706 praetentaque
595 2621 728 2685 sustinet
746 2643 843 2698 arma,

71 2730 102 2771 1e
121 2729 225 2770 armos
242 2728 306 2770 uno
325 2707 387 2770 duo
405 2717 533 2792 pectora
550 2706 689 2791 perforat
705 2707 780 2770 ictu.

74 2804 180 2856 tamen
198 2793 261 2856 leto
279 2791 409 2857 dederat
425 2791 627 2877 Phlegraeon
645 2801 676 2856 et
693 2792 802 2876 Hylen

72 2901 120 2953 us,
140 2877 311 2962 Iphinoum
329 2878 441 2942 collato
459 2876 567 2942 Marte
586 2875 775 2961 Claninque.

72 2986 110 3026 ur
127 2962 175 3026 his
193 2962 347 3047 Dorylas,
365 2963 420 3045 qui
437 2973 581 3048 tempora
596 2973 680 3028 tecta
697 2962 828 3048 gerebat

82 3048 159 3132 lupi,
179 3048 328 3131 saevique
347 3049 449 3113 vicem
465 3049 657 3133 praestantia
675 3049 729 3113 teli

72 3157 102 3196 ra
119 3156 196 3196 vara
212 3133 310 3197 boum
327 3133 426 3198 multo
443 3134 608 3198 rubefacta
626 3156 745 3198 cruore.

75 3241 136 3302 ego
153 3216 243 3299 (nam
260 3220 342 3284 vires
361 3219 484 3283 animus
503 3218 614 3305 dabat)
632 3219 798 3305 “aspice'',
815 3217 881 3284 dixi

73 3316 163 3367 ntum
183 3305 357 3369 concedant
374 3316 481 3368 nostro
499 3315 554 3369 tua
572 3327 689 3369 cornua
706 3305 820 3382 ferro,”

72 3389 170 3452 tulum
188 3390 274 3454 torsi.
318 3390 404 3472 quod
422 3412 494 3454 cum
512 3391 611 3455 vitare
628 3391 783 3474 nequiret,

72 3475 131 3538 suit
149 3475 292 3539 dextram
309 3498 460 3559 passurae
478 3475 609 3540 vulnera
625 3477 732 3541 fronti.

72 3585 80 3623 ι
98 3570 145 3625 est
163 3582 235 3624 cum
252 3560 356 3625 fronte
373 3583 500 3625 manus:
518 3561 554 3625 fit
572 3561 703 3626 clamor:
722 3572 754 3626 at
770 3561 861 3626 illum

72 3657 164 3709 rntem
182 3646 298 3710 Peleus
317 3656 348 3711 et
366 3645 480 3709 acerbo
498 3647 628 3712 vulnere
646 3647 765 3712 victum
782 3685 825 3694 —

73 3742 86 3794 t
105 3731 187 3795 enim
206 3731 333 3816 propior
349 3766 393 3777 —
409 3730 546 3796 mediam
563 3731 637 3797 ferit
655 3756 730 3798 ense
747 3733 807 3797 sub
824 3732 942 3798 alvum.

72 3816 125 3879 luit
142 3826 288 3899 terraque
306 3816 396 3882 ferox
414 3839 472 3880 sua
489 3817 610 3883 viscera
628 3819 724 3884 traxit

72 3923 145 3984 tque
163 3902 296 3966 calcavit
314 3903 497 3986 calcataque
514 3903 599 3989 rupit
616 3915 646 3969 et
663 3904 723 3968 illis

90 4008 217 4070 quoque
234 3988 377 4073 impediit
395 4000 425 4052 et
443 3988 529 4052 inani
547 3989 680 4054 concidit
699 3990 780 4054 alvo·

72 4095 88 4137 e
105 4086 302 4159 pugnantem
320 4084 388 4151 tua,
408 4071 552 4160 Cyllare,
570 4075 672 4140 forma
689 4074 833 4154 redemit,
