2574 4478
142 286 194 360 54,
336 382 339 388 .
377 369 379 381 Ι
476 298 510 357 Ρ.
528 299 654 386 ovrou
669 296 832 357 NASONIS

144 451 201 514 per
218 427 275 492 tibi
292 449 377 493 nunc
393 427 498 512 ipsum
514 463 558 472 -
574 446 633 490 neo
651 424 735 490 euim
752 423 947 510 praesentior
962 423 1017 490 illo

145 525 192 579 est
210 515 288 578 deus
305 551 348 560 -
366 514 490 589 adiuro,
508 522 574 576 tam
590 534 641 575 me
659 511 716 574 tibi
734 533 809 575 vera
825 512 952 587 referre,

78 600 128 670 oto
145 622 242 683 quam
259 600 326 664 veri
342 599 461 664 maiora
478 598 550 663 fide.
595 596 680 662 stetit
697 618 833 680 aequore
851 597 967 683 puppis

144 686 231 749 haud
249 685 348 761 aliter,
366 706 463 768 quam
480 683 643 748 sisiacum
660 683 773 747 navale
790 694 920 747 teneret.

145 771 191 834 illi
208 771 398 835 admirantes
415 792 574 834 remorum
590 768 623 833 in
640 769 771 834 verbere
789 779 930 854 perstant

146 857 280 939 velaque
298 856 458 920 deducunt
475 855 665 941 geminaque
683 876 743 940 ope
761 876 886 920 currere
904 863 1070 939 temptant.

90 1013 92 1017 ,
145 942 321 1027 impediunt
337 941 473 1008 hederae
490 963 593 1005 remos
610 961 758 1024 nexuque
774 962 906 1005 recurvo

79 1049 128 1100 665
147 1038 277 1112 serpunt
294 1028 330 1092 et'
343 1027 482 1113 gravidis
500 1026 701 1111 distinguunt
718 1027 789 1091 vela
806 1026 974 1110 corymbis.

145 1115 215 1199 ipse
232 1113 424 1179 racemiferis
441 1113 578 1177 frontem
596 1111 807 1176 circumdatus
825 1113 895 1177 uvis

145 1199 321 1285 pampineis
339 1199 439 1284 agitat
456 1197 592 1264 velatam
609 1197 774 1263 frondibus
791 1197 924 1262 hastam.

147 1306 243 1369 quem
260 1285 343 1350 circa
360 1285 456 1370 tigres
475 1283 705 1367 simulacraque
722 1283 827 1348 inania
844 1283 973 1368 lyncum

145 1371 363 1455 pictarumque
380 1371 485 1434 iacent
501 1370 569 1434 fera
586 1390 718 1454 corpora
734 1369 968 1455 pantherarum.

79 1477 129 1526 670
147 1456 285 1521 exiluere
302 1456 375 1531 viri,
394 1456 460 1520 sive
477 1455 538 1521 hoc
555 1455 678 1518 insania
694 1455 770 1520 fecit

30 1621 31 1624 Ἴ
146 1542 213 1606 sive
231 1542 324 1606 timor
330 1567 339 1618 ;
357 1541 540 1626 primusque
558 1540 680 1605 Medon
696 1541 875 1625 nigrescere
892 1541 996 1627 coepit

147 1648 277 1712 corpore
295 1638 327 1693 et
343 1649 491 1712 expresso
509 1627 618 1712 spinae
636 1627 817 1691 curvamine
833 1627 927 1692 flecti.

146 1712 256 1797 incipit
273 1712 347 1777 huic
364 1712 528 1797 Lycabas:
547 1712 604 1776 “in
623 1733 705 1796 quae
722 1711 898 1776 miracula’'
916 1712 996 1778 dixit

148 1798 346 1862 “verteris?”
365 1810 397 1863 et
412 1798 469 1861 lati
486 1797 582 1862 rictus
600 1809 632 1862 et
649 1798 754 1881 panda
770 1798 911 1882 loquenti

80 1904 128 1953 675
146 1884 231 1948 naris
249 1894 330 1959 erat,
348 1903 576 1966 squamamque
594 1883 673 1948 cutis
692 1884 804 1947 durata
821 1882 976 1949 trahebat.

148 1980 180 2034 at
197 1969 299 2054 Libys
318 1969 478 2033 obstantes
496 1969 572 2032 dum
590 1969 658 2033 vult
675 1968 838 2034 obvertere
855 1991 969 2046 remos,

146 2055 180 2119 in
198 2055 334 2139 spatium
352 2054 471 2120 resilire
488 2077 602 2119 manus
618 2054 715 2118 breve
733 2054 824 2132 vidit,
844 2066 875 2119 et
891 2055 961 2120 illas

147 2141 211 2204 iam
228 2162 291 2204 uon
309 2163 377 2205 esse
395 2162 522 2216 manus,
540 2139 604 2204 iam
621 2139 734 2224 pinnas
751 2162 844 2225 posse
862 2140 977 2205 vocari.

148 2226 227 2291 alter
243 2227 285 2290 ad
301 2227 431 2290 intortos
450 2225 579 2311 cupiens
598 2225 672 2290 dare
690 2225 837 2289 bracchia
854 2226 946 2292 funes

81 2333 130 2382 680
147 2311 295 2377 bracchia
312 2334 376 2376 non
393 2311 518 2388 habuit,
535 2321 709 2393 truncoque
727 2311 884 2396 repandus
901 2311 935 2374 in
951 2313 1055 2377 undas

148 2419 278 2482 corpore
297 2397 431 2462 desiluit.
475 2397 591 2462 falcata
608 2396 780 2461 novissima
798 2397 899 2460 cauda
917 2408 974 2474 est,

148 2483 253 2566 qualia
271 2483 419 2548 dimidiae
436 2483 601 2547 sinuantur
617 2504 735 2547 cornua
751 2482 856 2547 lunae.

147 2569 286 2652 undique
305 2569 381 2633 dant
398 2568 496 2633 saltus
513 2568 674 2650 multaque
692 2568 858 2652 aspergine
875 2578 983 2632 rorant

148 2663 376 2739 emerguntque
393 2654 507 2719 iterum
523 2653 718 2736 redeuntque
735 2654 795 2717 sub
813 2675 951 2736 aequora
967 2677 1077 2719 rursus

81 2761 129 2810 685
148 2740 244 2823 inque
263 2740 349 2804 chori
365 2739 480 2804 ludunt
498 2739 634 2824 speciem
651 2739 832 2822 lascivaque
849 2740 967 2804 iactant
1061 2788 1063 2793 -

149 2846 280 2909 corpora
298 2836 329 2890 et
346 2835 511 2910 acceptum
529 2825 644 2909 patulis
662 2847 749 2888 mare
767 2825 896 2888 naribus
914 2825 1033 2891 efflant.

148 2911 188 2975 de
206 2910 299 2974 modo
317 2910 430 2996 viginti
447 2908 509 2992 (tot
526 2911 611 2973 enim
628 2911 702 2975 ratis
720 2909 775 2974 illa
791 2909 928 2996 ferebat)

147 2996 306 3060 restabam
324 2996 418 3060 solus.
461 2995 612 3080 pavidum
629 2995 833 3080 gelidumque
850 2997 994 3061 trement'

148 3103 278 3166 corpore
295 3082 412 3164 vixque
430 3104 536 3145 meum
554 3082 658 3145 firmat
676 3081 754 3145 deus
773 3081 936 3147 “excute''
956 3082 1064 3148 dicens

80 3185 129 3235 690
148 3167 268 3232 “corde
286 3178 420 3243 metum,
438 3167 598 3249 Diamque
616 3165 726 3231 tenel''
771 3167 892 3232 delatus
909 3167 942 3231 in
960 3167 1047 3232 illam

148 3253 265 3318 accessi
284 3253 394 3327 sacris,
412 3253 622 3334 Baccheaque
641 3252 723 3317 festa
739 3250 927 3335 frequento?

147 3337 364 3423 ‘praebuimus
380 3337 498 3422 longis'
515 3336 679 3403 Pentheus
697 3338 899 3424 ‘ambagibus
917 3338 1024 3403 aures'
1090 3339 1156 3391 Pea-

146 3424 262 3507 inquit‚
280 3429 331 3488 ‘ut
348 3423 395 3487 ira
411 3445 500 3487 mora
517 3423 599 3488 vires
617 3423 783 3488 absumere
799 3434 915 3509 posset.
1087 3408 1163 3460 m·

146 3509 352 3594 praecipitem
368 3508 480 3573 famuli
497 3509 598 3594 rapite
615 3508 714 3584 huno,
733 3510 933 3592 cruciataque
952 3509 1027 3574 diris

80 3613 128 3661 695
147 3616 279 3679 corpora
296 3595 458 3661 tormentis
477 3592 609 3678 Stygiae
628 3594 779 3659 demittite
796 3595 901 3659 nocti?

146 3680 289 3765 protinus
307 3681 481 3746 abstractus
500 3680 607 3744 solidis
625 3680 809 3765 Tyrrhenus
826 3682 965 3745 Acoetes

147 3765 304 3829 clauditur
320 3766 353 3829 in
370 3766 475 3830 tectis:
494 3776 526 3830 et
543 3765 618 3828 dum
637 3766 776 3831 crudelia
792 3765 897 3831 iussae

146 3851 354 3916 instrumenta
370 3852 456 3917 necis
474 3851 655 3933 ferrumque
673 3852 825 3936 ignesque
842 3862 1003 3935 parantur,

147 3946 259 4022 sponte
277 3959 334 4000 sua
350 3937 490 4021 patuisse
508 3936 606 4012 fores,
625 3937 792 4021 lapsasque
809 3937 934 4001 lacertis

78 4041 129 4093 too
147 4032 260 4110 sponte
278 4043 336 4085 sua
353 4022 439 4086 fama
457 4033 505 4086 est
521 4022 609 4086 nullo
626 4023 767 4087 solvente
785 4032 921 4087 catenas.

189 4106 316 4176 Perstat
332 4105 534 4205 Echionides.
577 4129 636 4176 uec
653 4107 718 4173 iam
735 4107 823 4175 iubet
836 4107 899 4185 ire,
917 4107 972 4174 sed
990 4107 1058 4198 ipso
1080 4190 1083 4197 ¹
1175 4184 1181 4195 ,
