2574 4478
273 802 934 890 METAMORPHOSEON

464 1055 581 1110 LIBER
595 1055 747 1113 PRIMUS.

144 1317 183 1381 In
200 1339 283 1382 nova
299 1316 361 1382 fert
377 1315 499 1380 animus
515 1325 652 1380 mutatas
669 1314 773 1381 dicere
790 1315 907 1381 formas

102 1424 245 1487 corpora:
264 1402 310 1478 di,
328 1400 551 1486 coeptis-(nam
568 1423 624 1466 vos
641 1403 786 1466 mutastis
804 1413 836 1467 et
852 1401 936 1486 illas)

102 1490 237 1572 aspirate
254 1488 346 1562 meis,
364 1487 528 1572 primaque
546 1487 587 1551 ab
605 1487 725 1572 origine
742 1487 852 1551 mundi

102 1574 142 1636 ad
159 1597 231 1638 mea
247 1584 435 1658 perpetuum
452 1572 598 1637 deducite
615 1583 758 1658 tempora
775 1571 914 1637 carmani
1131 1592 1147 1637 4

143 1660 230 1723 Ante
247 1680 333 1722 mare
350 1670 382 1723 et
398 1669 496 1722 terras
515 1669 560 1734 et,
577 1658 663 1740 quod
680 1670 711 1723 te
735 1659 759 1721 't
775 1659 895 1735 omnia,
914 1657 1035 1722 caelum
1079 1654 1180 1735 creati?

102 1766 183 1807 unus
202 1755 269 1808 erat
285 1754 351 1808 toto
367 1755 499 1808 naturae
516 1743 621 1807 vultus
638 1743 671 1807 in
688 1765 724 1808 or
746 1765 775 1820 e,
1085 1723 1179 1778 mm·

102 1850 196 1911 quem
215 1829 322 1894 dixere
339 1828 448 1893 chaos:
466 1829 553 1893 rudis
571 1828 789 1914 indigestaque
806 1829 915 1904 moles,

101 1937 160 1979 nec
177 1914 345 1998 quicquam
363 1915 423 1978 nisi
440 1914 563 2000 pondus
580 1914 664 1979 iners
681 1925 893 1999 congestaque
910 1913 1021 1979 eodem

102 2022 165 2064 non
182 2001 263 2065 bene
280 2000 457 2063 iunctarum
475 2000 631 2064 discordia
648 2000 768 2066 semina
784 2022 899 2064 rerum.

101 2087 205 2149 nullus
223 2085 327 2149 adhuc
343 2085 461 2150 mundo
478 2085 651 2171 praebebat
666 2085 786 2150 lumina
802 2084 907 2160 Titan,
1133 2104 1165 2154 ιο

101 2194 160 2236 nec
176 2193 259 2235 nova
276 2171 444 2236 crescendo
461 2171 628 2256 reparabat
645 2192 763 2235 cornua
779 2169 920 2247 Phoebe,

101 2279 160 2321 nec
178 2257 367 2320 circumfuso
384 2257 543 2342 pendebat
559 2256 593 2320 in
610 2261 682 2321 a'e're
699 2257 791 2321 tellus

102 2342 293 2425 ponderibus
310 2341 423 2406 librata
440 2342 518 2416 suis,
536 2363 595 2405 neo
612 2341 759 2405 bracchia
773 2340 869 2425 longo

102 2428 243 2510 margine
261 2439 413 2491 terrarum
431 2437 612 2509 porrexerat
629 2425 834 2508 Amphitrite:

102 2519 199 2591 utque
218 2523 283 2573 erat
301 2521 332 2573 et
349 2510 442 2574 tellus
459 2509 524 2574 illio
542 2519 574 2573 et
591 2520 708 2593 pontus
727 2519 759 2572 et
776 2513 839 2584 adr,

102 2595 147 2657 sic
164 2606 232 2658 erat
248 2594 400 2658 instabilis
418 2594 524 2669 tellus,
542 2593 687 2658 innabilis
705 2595 800 2670 unda,

101 2679 179 2743 lucis
198 2702 294 2764 egens
312 2685 375 2743 ae'r.
418 2679 496 2742 nulli
513 2702 571 2743 sua
587 2679 688 2743 forma
704 2680 862 2757 manebat,

102 2765 309 2848 obstabatque
327 2764 395 2828 aliis
413 2764 514 2841 aliud,
532 2764 607 2849 quia
624 2786 753 2850 corpore
769 2766 801 2829 in
819 2786 883 2829 uno

102 2849 217 2933 frigida
234 2849 421 2934 pugnabant
438 2849 561 2927 calidis,
579 2851 719 2915 umentia
736 2850 836 2928 siccis,

101 2936 207 2997 mollia
225 2956 297 2998 cum
315 2934 416 3011 duris,
433 2936 499 2999 sine
517 2937 656 3019 pondere
673 2935 822 3001 habentia
837 2934 970 3020 pondus.

101 3019 182 3083 hanc
201 3021 278 3083 deus
297 3031 328 3084 et
345 3021 455 3084 melior
471 3021 558 3085 litem
576 3031 688 3085 natura
705 3021 839 3086 diremit.

101 3127 174 3168 nam
193 3106 279 3169 caelo
297 3116 395 3170 terras
413 3116 445 3169 et
462 3105 551 3170 terris
569 3105 702 3170 abscidit
719 3107 819 3171 undas

101 3201 131 3252 et
149 3191 304 3273 liquidum
322 3191 422 3275 spisso
440 3190 572 3255 secrevit
589 3192 630 3255 ab
648 3197 719 3255 ae're
738 3194 869 3257 caelum.

101 3296 181 3356 quae
199 3286 366 3376 postquam
384 3275 499 3339 evolvit
516 3297 672 3359 caecoque
689 3277 804 3342 exemit
821 3299 944 3356 acervo,

102 3359 267 3425 dissociata
284 3361 361 3425 locis
380 3360 526 3425 concordi
543 3383 621 3446 pace
639 3361 758 3447 ligavit.

100 3444 194 3529 ignea
212 3447 344 3511 convexi
361 3445 409 3510 vis
427 3457 458 3511 et
475 3445 542 3511 sine
559 3448 697 3531 pondere
716 3449 793 3513 caeli

101 3531 228 3594 emicuit
246 3552 430 3614 summaque
446 3532 551 3596 locum
568 3533 628 3595 sibi
646 3532 720 3598 fecit
736 3534 769 3596 in
786 3557 871 3600 arce:

100 3617 262 3697 proximus
281 3628 327 3681 est
345 3622 398 3681 ae'r
414 3616 459 3680 illi
477 3616 602 3682 levitate
620 3619 767 3701 locoque:

101 3700 225 3765 densior
242 3701 290 3766 his
309 3703 400 3766 tellus
418 3703 634 3786 elementaque
650 3704 783 3787 grandia
799 3704 894 3767 traxit

100 3796 131 3848 et
148 3809 256 3869 pressa
274 3798 321 3851 est
338 3787 491 3869 gravitate
509 3810 572 3851 sua.
611 3787 811 3854 circumfluus
828 3811 919 3854 umor

99 3871 210 3934 ultima
226 3872 365 3956 possedit
382 3873 579 3955 solidumque
597 3874 733 3939 coercuit
750 3875 867 3940 orbem.

100 3955 144 4019 sic
162 3956 216 4018 ubi
234 3957 429 4042 dispositam,
447 3958 589 4041 quisquis
607 3958 666 4022 fuit
683 3958 736 4023 ille
753 3959 893 4038 deorum,

99 4041 277 4124 congeriem
295 4043 395 4108 secuit
411 4056 591 4128 sectamque
607 4043 640 4108 in
658 4043 800 4110 membra
816 4045 952 4134 redegitr

145 4140 295 4188 caminata
925 4145 943 4203 1
