2574 4478
236 300 280 367 30
564 316 600 371 Ρ.
617 316 742 374 ot'tuu
759 315 922 375 NASOMS

237 462 318 507 neve
335 462 443 527 preces
461 441 583 507 ammos
600 458 632 505 et
649 440 747 506 rerba
763 443 925 527 precantia
941 442 1079 523 flectant,

236 548 330 612 pesse
347 528 434 611 loqui
451 528 592 613 eripitur,
610 548 673 591 vox
689 527 842 592 mcunda
858 529 1028 613 minaxque

237 614 395 699 plenaque
412 614 538 679 terreris
555 634 652 677 rauco
669 612 709 679 de
725 630 855 699 gutture
871 614 982 679 fertur.

169 718 220 771 sae
238 722 328 765 mens
345 699 476 783 antiqua
492 714 598 764 tamen
614 698 701 763 facta
716 720 845 784 quoque
861 702 977 765 mansit
994 701 1028 765 in
1044 725 1130 780 ursa,

239 784 430 869 assiduoque
447 806 521 850 suos
537 785 659 871 gemitu
676 800 791 850 testata
808 785 931 851 dolores

238 872 486 955 qualeseumque
503 894 616 935 manus
633 871 675 935 ad
692 871 816 937 caelum
833 887 865 937 et
881 873 985 937 sidera
1001 874 1083 938 tollit

238 958 461 1043 ingratumque
478 957 604 1034 Iovem,
621 972 759 1040 nequeat
776 979 850 1021 cum
866 957 985 1036 dicere,
1003 959 1108 1025 sentit.

239 1066 260 1107 a
276 1042 435 1127 quotiens,
452 1044 520 1108 sola
535 1065 600 1108 non
617 1066 696 1107 ausa
713 1042 875 1126 quiescere
892 1044 982 1122 silva,

171 1147 223 1199 teo
239 1142 312 1193 aute
330 1129 459 1193 domum
476 1129 701 1214 quondamque
718 1129 784 1193 suis
800 1130 917 1194 erravit
932 1130 967 1194 in
984 1130 1082 1216 agris!

239 1238 260 1279 a
276 1214 421 1297 quotiens
438 1237 496 1301 per
511 1238 591 1279 saxa
607 1236 722 1279 canum
738 1215 904 1280 latratibus
920 1230 992 1280 aeta
1008 1230 1066 1294 est,

240 1300 448 1383 venatrixque
464 1312 552 1367 metu
568 1314 741 1366 venantum
758 1301 867 1365 territa
883 1301 982 1387 fugitl

240 1408 336 1471 saepe
353 1386 429 1451 seris
444 1386 536 1451 latuit
553 1385 643 1463 visis,
660 1384 759 1450 oblita
775 1386 852 1469 quid
869 1404 962 1464 esset,

240 1492 378 1555 ursaque
395 1482 580 1556 conspectos
596 1472 631 1535 in
646 1471 807 1536 montibus
823 1471 944 1536 horruit
961 1495 1062 1550 ursos,

171 1576 222 1625 tto
239 1558 463 1643 pertimuitque
480 1558 587 1657 lupos,
603 1558 749 1641 quamvis
767 1568 856 1642 pater
872 1570 955 1623 esset
971 1558 1004 1622 in
1021 1560 1092 1624 illis.

282 1642 368 1707 Ecce
385 1643 568 1727 Lycaoniae
583 1645 689 1729 proles
704 1642 817 1728 ignara
832 1644 971 1728 parentis

239 1728 344 1793 Areas
361 1728 464 1805 adest,
481 1740 531 1794 ter
546 1728 687 1812 quinque
703 1728 771 1793 fere
787 1728 946 1794 natalibus
963 1730 1054 1795 actis:

240 1814 380 1897 dumque
398 1814 482 1879 feras
499 1815 650 1898 sequitur,
669 1814 744 1878 dum
762 1815 861 1879 saluas
877 1814 964 1900 eligit
982 1828 1072 1901 aptos

240 1899 461 1983 nexilibusque
477 1900 580 1985 plagis
599 1900 693 1964 silvas
710 1898 957 1985 Erymanthidas
975 1901 1084 1979 ambit,

173 2004 224 2053 500
241 1986 351 2051 incidit
367 1986 401 2050 in
418 1997 565 2061 matrem,
584 2007 666 2070 quae
683 1986 797 2051 restitit
813 1986 941 2052 Arcade
958 1987 1027 2051 viso

242 2084 274 2137 et
291 2070 494 2157 cognoscenti
510 2071 619 2135 similis
637 2071 708 2135 fuit
750 2070 803 2136 ille
820 2071 939 2158 refugit

242 2158 452 2240 immotosque
470 2157 578 2222 oculos
595 2157 628 2220 in
646 2180 680 2222 se
697 2157 765 2222 sine
781 2157 844 2222 fine
862 2169 1021 2223 tenentem

241 2242 367 2307 nescius
385 2242 543 2319 extimuit,
560 2243 753 2328 propiusque
771 2243 921 2308 accedere
938 2243 1044 2309 aventi

242 2328 390 2393 vulnifico
408 2329 513 2393 fuerat
529 2329 651 2393 fixurus
668 2339 797 2413 pectora
814 2330 887 2394 telo.

174 2434 223 2482 ⁶05
243 2414 344 2479 creuit
368 2414 566 2499 (armipotens
592 2414 771 2499 pariterque
788 2415 937 2500 ipsosque
954 2415 1107 2500 nefasque

243 2498 369 2564 sustulit
385 2511 418 2565 et
434 2500 529 2565 celeri
545 2510 652 2585 raptos
669 2522 727 2585 per
743 2500 850 2565 inania
866 2513 961 2565 vento

242 2584 285 2649 im
299 2584 394 2650 ›osuit
411 2586 498 2651 caelo
515 2584 682 2668 vicinaque
699 2585 803 2650 sidera
820 2586 905 2651 fecit.

302 2671 440 2735 ntumuit
456 2670 549 2747 Iuno,
567 2683 736 2756 postquam
752 2672 833 2736 inter
851 2672 954 2737 sidera
973 2675 1084 2757 paelex

241 2756 343 2833 sulsit,
361 2767 393 2821 et
410 2757 451 2820 ad
469 2778 581 2821 canam
599 2756 761 2821 descendit
777 2756 811 2820 in
828 2778 966 2840 aequora
983 2756 1110 2841 Tethyn

179 2862 225 2913 510
243 2841 473 2925 Oceanumque
491 2864 611 2919 senem,
630 2862 764 2929 quorum
781 2843 955 2908 reverentia
971 2843 1070 2907 movit

242 2952 335 3014 saepe
354 2927 444 3004 deos,
463 2948 655 3011 causamque
672 2927 742 2993 viae
761 2928 945 2992 scitantibus
962 2927 1045 2991 infit:

243 3012 423 3097 ‘quaeritis,
441 3012 587 3078 aetheriis
604 3034 701 3096 quare
718 3014 829 3099 regina
846 3013 976 3079 deorum

242 3098 370 3163 sedibus
388 3098 451 3163 huc
469 3099 589 3163 adsim?
606 3120 663 3184 pro
681 3122 732 3164 me
750 3108 834 3165 tenet
853 3099 952 3164 altera
969 3098 1105 3164 caeluml

241 3184 385 3259 mentior,
404 3184 575 3249 obscurum
591 3184 652 3249 nisi
668 3207 732 3249 nox
750 3207 822 3249 cum
840 3184 949 3249 fecerit
966 3183 1076 3248 orbem

173 3290 223 3341 ets
241 3294 283 3333 nu
299 3294 343 3335 uu·
360 3268 527 3334 honoratas
545 3291 682 3343 summo,
699 3293 771 3335 mea
789 3270 933 3348 vulnera,
952 3270 1038 3334 caelo

242 3355 381 3419 vixeritis
399 3356 504 3421 stellas
521 3355 599 3432 illic,
618 3355 672 3419 ubi
690 3356 825 3419 circulus
843 3378 934 3419 axem

241 3440 370 3505 ultimus
389 3452 565 3505 extremum
582 3440 746 3526 spatioque
765 3440 967 3506 brevissimus
986 3441 1093 3505 ambit.

241 3538 289 3591 cst
306 3548 391 3603 voro,
409 3548 466 3591 our
483 3526 553 3610 quis
571 3526 726 3591 lunonem
743 3527 867 3591 laedere
885 3526 963 3590 nolit

241 3612 458 3694 offensusque
475 3612 606 3676 tremat?
624 3633 706 3695 quae
723 3634 852 3696 prosum
870 3613 937 3675 sola
954 3611 1115 3677 nocendo?

174 3718 223 3768 oro
241 3719 274 3769 o,
293 3719 353 3781 ego
371 3708 524 3781 quantum
544 3696 608 3783 egil
636 3718 732 3780 quam
749 3708 839 3762 vasta
879 3697 996 3761 otentia
1013 3710 1119 3762 nostra
1137 3698 1198 3763 est!

241 3806 310 3847 suso
329 3780 488 3847 homiuem
506 3784 606 3847 vetui:
624 3782 710 3846 facto
728 3794 775 3847 est
792 3720 877 3847 deal
909 3782 955 3846 sic
972 3805 1032 3867 ego
1050 3805 1168 3868 poenas

241 3866 384 3931 sordibus
401 3867 543 3953 impono,
562 3868 607 3933 sic
625 3880 671 3932 est
689 3890 761 3932 mea
778 3891 895 3953 magna
912 3878 1061 3952 potestus.

241 3950 379 4019 vindicet
397 3954 559 4037 antiquam
577 3953 692 4018 faciem
709 3954 878 4037 vultusque
896 3953 1013 4017 ferinos

241 4036 402 4113 detrahat,
418 4038 572 4125 Argolico
589 4038 675 4123 quod
692 4037 725 4101 in
743 4049 815 4103 ante
832 4038 1014 4103 Phoronide
1031 4037 1121 4105 fecitl

54 4120 56 4129 ’
77 4202 104 4229 ⁴·
171 4144 223 4199 tao
240 4144 298 4191 cur
313 4144 377 4191 non
394 4134 426 4191 et
442 4124 536 4211 pulso
552 4124 640 4189 ducit
664 4124 786 4190 Iunone
803 4144 937 4209 meoque
