2574 4478
248 291 289 358 12
576 303 609 359 Ρ.
628 304 751 362 OVlDlI
767 302 930 360 NASONIS

246 429 388 515 protinus
407 428 484 493 alter
501 437 585 492 amat
590 452 599 505 ;
616 427 699 512 fugit
716 428 814 491 altera
830 449 945 490 nornen
963 426 1106 505 amantis,

180 534 229 584 475
247 516 396 580 silvarum
413 514 549 578 tenebris
568 513 824 598 captivarumque
841 512 979 577 ferarum

248 600 369 667 exuviis
387 600 529 684 gaudeus
546 599 758 682 innuptaeque
776 598 900 662 aemula
915 597 1072 663 Phoebes.

246 687 326 751 vitta
343 686 507 750 coercebat
523 685 641 768 positos
660 683 726 747 sine
744 683 815 767 lege
833 682 969 768 capillos.

247 771 337 836 multi
353 771 440 835 illam
457 769 586 855 petiere:
604 769 658 833 illa
675 779 818 832 aversata
835 780 976 853 petentes

246 856 412 942 impatiens
430 875 604 941 expersque
621 853 680 917 viri
696 875 824 917 nemora
840 855 911 917 avia
928 855 1049 929 lustrat,

180 961 307 1011 4801110
325 941 401 1024 quid
418 942 561 1026 Hymen,
579 938 655 1022 quid
673 940 784 1014 Amor,
802 938 879 1022 quid
896 940 957 1001 sint
975 939 1119 1016 conubia,
1137 948 1236 1005 curat.

248 1050 342 1112 saepe
358 1038 448 1111 pater
465 1026 543 1088 dixit
561 1032 726 1109 ‘generum
743 1022 835 1099 mihi,
852 1023 931 1099 filia,
948 1024 1065 1089 debes?

248 1135 341 1197 saepe
359 1122 448 1196 pater
466 1110 543 1174 dixit
561 1110 671 1174 ‘debes
689 1108 781 1183 mihi,
798 1119 885 1183 nata,
904 1108 1053 1195 nepotes?

247 1200 314 1272 1111,
333 1198 419 1261 velut
436 1196 553 1260 crimen
570 1196 677 1259 taedas
695 1216 791 1259 exosa
807 1194 939 1278 iugales,

247 1283 378 1369 pulchra
394 1280 571 1346 verecundo
589 1280 781 1344 suffunditur
797 1301 852 1343 ora
868 1279 992 1356 rubore,

180 1387 230 1436 485
247 1370 343 1451 inque
359 1368 455 1452 patris
473 1366 596 1429 blandis
614 1364 746 1429 haerens
765 1364 885 1428 cervice
902 1364 1026 1429 lacertis

248 1455 304 1517 ‘da
320 1453 397 1516 mihi
414 1463 580 1536 perpetua,
597 1451 722 1535 genitor
739 1449 918 1526 carissime,'
937 1450 1015 1514 dixit

248 1537 440 1622 ‘virginitate
457 1537 529 1600 frui.
573 1535 659 1599 dedit
675 1534 735 1598 hoc
751 1545 841 1619 pater
857 1546 929 1600 ante
945 1534 1090 1600 Dianae!

247 1624 300 1687 ille
317 1623 444 1705 quidem
463 1622 654 1704 obsequitur.
698 1621 754 1684 sed
771 1631 802 1684 te
820 1620 914 1684 decor
931 1620 1003 1695 iste,
1021 1622 1106 1704 quod
1124 1632 1224 1705 optas,

249 1731 317 1773 esse
334 1719 432 1783 vetat,
450 1718 586 1790 votoque
604 1717 658 1771 tuo
676 1718 731 1769 tua
748 1706 850 1769 forma
866 1728 944 1790 repu
967 1719 1030 1770 nat.

181 1811 232 1861 400
248 1792 399 1858 Phoebus
417 1804 501 1856 amat
517 1793 666 1874 visaeque
684 1791 770 1876 eupit
787 1791 922 1855 conubia
938 1729 1102 1876 flaphnes,

248 1879 397 1962 quodque
415 1879 514 1963 eupit,
533 1901 547 1940 s
572 1888 651 1952 erat3
670 1897 789 1958 suaque
806 1876 895 1939 illum
913 1878 1039 1941 oracula
1056 1877 1178 1942 fallunt

248 1976 346 2047 utque
361 1964 446 2027 leves
464 1900 596 2048 stipulae
614 1961 747 2047 demptis
765 1961 929 2025 adolentur
946 1962 1057 2039 aristis,

248 2060 285 2113 ut
301 2048 423 2113 facibus
441 2070 551 2132 saepes
569 2047 693 2123 ardent,
712 2068 789 2130 quas
807 2047 887 2111 forte
905 2047 1006 2111 viator

248 2135 299 2200 vel
315 2134 408 2197 nimis
426 2132 565 2198 admovit
581 2133 632 2197 vel
648 2133 712 2196 iam
729 2132 789 2196 sub
806 2133 876 2196 lucc
893 2132 1027 2214 reliquit,

181 2237 230 2286 495
248 2220 293 2284 110
311 2219 387 2284 deus
404 2219 437 2283 in
454 2218 596 2282 flammas
614 2217 706 2294 abiit,
724 2217 769 2281 sic
785 2229 912 2302 pectore
930 2228 995 2281 toto

248 2305 349 2369 uritur
366 2315 396 2368 et
414 2305 550 2368 sterilem
568 2303 723 2388 sperando
739 2303 837 2367 nutrit
854 2324 1002 2366 amorem.

249 2400 369 2475 spectat
385 2389 543 2453 inornatos
561 2389 640 2452 collo
657 2388 794 2473 pendere
813 2388 952 2472 capillos,

249 2488 279 2540 et
298 2475 402 2558 ‘quid,
421 2475 448 2538 si
465 2474 659 2539 comantur?'
678 2474 731 2537 ait.
774 2472 859 2537 videt
876 2473 950 2557 igne
966 2472 1117 2538 micantes

249 2559 402 2624 sideribus
420 2560 536 2624 similes
554 2559 675 2635 oculos3
693 2559 777 2621 videt
795 2558 916 2632 oscula,
934 2580 1015 2641 quae
1032 2581 1096 2622 non

182 2664 232 2714 500
249 2658 296 2710 est
313 2645 428 2709 vidisse
446 2645 534 2720 satis3
552 2643 660 2708 laudat
677 2643 852 2727 digitosque
871 2665 1044 2725 manusque

248 2729 456 2812 bracchiaque
474 2741 505 2794 ct
521 2730 623 2793 nudos
639 2729 744 2792 media
759 2728 831 2813 plus
849 2740 937 2812 parte
953 2729 1099 2804 lacert0s3

248 2816 274 2877 si
291 2836 354 2898 qua
370 2817 479 2894 latent,
496 2819 626 2882 meliora
641 2827 741 2901 putat.
784 2817 867 2902 fugit
883 2818 967 2882 ocior
985 2841 1062 2881 aura

248 2898 302 2961 illa
318 2899 394 2974 levi,
411 2921 514 2982 neque
533 2901 574 2964 ad
591 2900 668 2965 haec
685 2904 860 2967 revocantis
878 2905 975 2969 verba
991 2907 1119 2970 resistit:

249 2985 415 3068 ‘nympha,
433 3007 552 3069 precor,
569 2985 679 3061 Pene'r’,
701 2986 807 3050 manel
825 3010 888 3052 non
905 2989 1053 3073 insequor
1070 2991 1182 3058 hostisr

181 3088 230 3137 505
248 3070 402 3154 nympha,
420 3069 525 3133 mane!
545 3071 590 3134 110
607 3094 689 3156 agua
705 3073 830 3157 lupum,
850 3074 894 3137 110
913 3097 1005 3138 cerva
1022 3077 1154 3154 leonem,

248 3155 292 3217 sic
310 3155 446 3237 aquilam
464 3178 568 3239 penna
584 3155 712 3241 fugiunt
728 3157 902 3241 trepidante
921 3161 1095 3237 columbae,

247 3239 352 3303 hostes
370 3261 513 3323 quaeque
530 3263 618 3305 suos:
637 3264 724 3305 amor
742 3254 789 3306 est
806 3243 881 3306 mihi
900 3265 995 3308 causa
1012 3247 1174 3327 sequendi.

247 3347 298 3388 me
315 3325 477 3389 miseruml
501 3349 540 3390 ne
558 3349 656 3411 prona
674 3327 782 3401 cadas,
801 3328 969 3413 indignave
987 3331 1069 3394 laedi

247 3432 338 3472 crura
355 3421 463 3475 notent
481 3423 598 3487 sentes,
617 3423 648 3476 et
666 3413 724 3475 sim
742 3412 799 3476 tibi
817 3434 912 3477 causa
930 3415 1055 3478 doloris.

179 3511 229 3562 510
247 3517 371 3578 aspera,
389 3518 453 3578 qua
469 3518 632 3581 properas,
651 3498 719 3560 loca
737 3508 823 3561 sunt:
841 3499 1047 3575 moderatius,
1065 3522 1130 3577 oro,

246 3601 335 3644 curre
354 3581 525 3665 fugamque
542 3582 663 3646 inhibe:
680 3582 871 3647 moderatius
888 3584 1036 3667 insequar
1053 3586 1130 3670 ipse.

246 3665 297 3728 0111
314 3665 452 3748 placeas,
470 3666 592 3750 inquire
609 3679 724 3732 tamen.
763 3690 826 3731 11011
844 3668 947 3733 incola
963 3671 1087 3746 montis,

244 3771 308 3813 non
326 3772 385 3834 ego
403 3774 473 3815 sum
489 3762 606 3837 pastor,
623 3775 687 3816 non
703 3752 755 3817 hio
772 3765 912 3818 armenta
927 3776 1105 3839 gregesque

244 3833 389 3899 horridus
407 3838 548 3902 observo.
592 3839 707 3915 nescis,
726 3840 904 3914 temeraria,
922 3840 1036 3915 nescis,

177 3936 227 3986 515
244 3939 338 4001 quem
356 3920 473 4006 fugias,
491 3923 625 4006 ideoque
642 3924 737 4008 fugis.
781 3924 857 3988 mihi
873 3923 1031 4009 Delphica
1049 3927 1141 3992 tellus

244 4013 276 4069 et
294 4000 405 4070 Claros
423 4018 453 4072 et
471 4008 617 4073 Tenedos
634 4007 832 4093 Patareaque
849 4008 937 4093 regia
954 4011 1059 4074 servit.

242 4088 384 4176 Iuppiter
401 4103 449 4158 111
464 4095 600 4181 genitor:
618 4117 675 4185 per
691 4118 756 4173 me,
774 4095 860 4182 quod
876 4095 996 4181 eritque
1013 4095 1137 4184 fuitque
