2574 4478
220 258 588 319 METAMORPHOSEON
604 260 677 316 LIB.
695 262 758 319 VII.
778 261 920 317 614-701.
1022 245 1082 311 121

64 389 96 453 hi
113 397 145 454 te
162 388 204 452 ad
222 387 414 473 bellopares
432 386 521 451 annis
539 385 714 469 animisque
733 395 912 469 sequentur,

64 496 137 539 cum
154 474 307 558 primum,
326 473 381 556 qui
398 484 429 538 te
446 472 579 537 feliciter
596 472 713 547 attulit,
732 472 840 536 eurus’

63 565 175 643 (eurus
193 559 276 623 enim
294 558 455 642 attulerat)
473 556 583 622 ‘fuerit
599 566 739 621 mutatus
757 558 790 621 in
808 553 972 621 austrum’
1102 576 1151 626 666

105 644 241 708 Talibus
258 654 353 726 atque
370 643 438 707 aliis
455 643 584 728 longum
603 642 799 706 sermonibus
817 642 863 706 illi
995 639 1152 720 Cephalaret

62 729 236 814 implevere
253 729 346 793 diem.
389 727 468 793 lucis
486 750 559 812 pars
575 727 686 791 ultima
702 750 830 792 mensae
1015 710 1130 762 Ps⁰⁶²⁶²⁸·

64 825 112 880 est
128 815 219 889 data,
237 836 302 879 nox
319 813 445 879 somnis.
488 812 581 876 iubar
598 836 712 877 aureus
729 814 883 877 extulerat
900 813 962 877 sol:

63 900 163 965 flabat
180 899 284 964 adhuc
301 921 394 963 eurus
412 898 612 980 redituraque
630 899 701 961 vela
718 897 855 962 tenebat.

63 986 106 1049 ad
125 982 305 1070 Cephalum
322 984 468 1048 Pallante
485 983 559 1059 sati,
578 983 629 1046 cui
685 983 796 1047 audior
814 995 911 1061 aetas,
1103 1003 1152 1054 665

63 1071 106 1135 ad
124 1092 233 1155 regem
252 1067 414 1154 Cephalus
431 1068 524 1133 simul
543 1078 574 1133 et
590 1067 620 1131 P
664 1080 737 1132 ante
755 1069 851 1132 creati

63 1155 268 1220 conveniunt.
311 1154 367 1219 sed
384 1153 489 1218 adhuc
506 1175 615 1238 regem
632 1176 667 1217 so
691 1175 727 1217 or
744 1155 826 1217 altus
844 1153 991 1218 habebat.

62 1240 183 1325 excipit
198 1239 358 1304 Aeacides
374 1239 445 1303 illos
461 1239 495 1302 in
511 1238 619 1302 limine
636 1177 779 1302 Plioous:

61 1348 141 1391 nam
158 1325 312 1389 Telamon
330 1323 490 1407 fraterque
507 1324 591 1388 viros
609 1324 651 1387 ad
669 1324 751 1388 bella
768 1324 926 1409 legebant.

61 1410 195 1476 Phocus
211 1409 245 1473 in
260 1409 391 1474 interius
409 1409 545 1494 spatium
562 1409 772 1494 pulchrosque
790 1432 933 1474 recessus

64 1493 261 1579 Cecropidas
279 1494 378 1559 ducit:
397 1517 469 1559 cum
487 1494 559 1577 quis
577 1494 671 1558 simul
688 1495 755 1579 ipse
772 1495 898 1560 resedit.

62 1580 180 1667 aspicit
197 1580 353 1644 Aeoliden
369 1580 479 1664 ignota
496 1602 536 1644 ex
554 1580 666 1644 arbore
683 1579 803 1644 factum

61 1666 150 1731 ferre
165 1688 263 1729 manu
279 1665 432 1741 iaculum,
451 1665 540 1729 cuius
558 1665 618 1728 fuit
636 1687 732 1729 aurea
749 1666 864 1750 cuspis.

60 1772 170 1837 pauca
186 1750 273 1837 prius
290 1749 403 1815 mediis
421 1749 618 1815 sermonibus
636 1750 689 1814 ille
706 1751 830 1814 locutus

63 1843 153 1900 ‘sum
170 1857 334 1900 nemorum
353 1835 525 1899 studiosus’
545 1835 588 1898 ait
606 1835 788 1918 ‘caedisque
805 1836 940 1902 ferinae:

62 1944 131 2005 qua
148 1932 253 1985 tamen
271 1944 288 1985 e
306 1921 386 1984 silva
402 1932 510 1984 teneas
528 1919 639 1984 hastile
656 1921 801 1997 recisum,

60 2006 251 2071 iamdudum
269 2005 389 2070 dubito.
433 2016 517 2070 certe
535 2005 562 2069 si
578 2005 720 2069 fraxinus
739 2017 830 2082 esset,

61 2092 156 2157 fulva
173 2092 277 2157 colore
293 2091 388 2156 foret:
407 2091 433 2154 si
451 2112 579 2166 cornus,
597 2091 699 2156 nodus
716 2091 843 2156 inesset.

61 2177 152 2241 unde
170 2177 224 2254 sit,
242 2177 364 2262 ignoro.
407 2176 463 2242 sed
480 2198 545 2240 non
561 2176 728 2240 formosius
746 2176 806 2241 isto

62 2263 213 2329 viderunt
227 2262 313 2329 ,oculi
329 2261 427 2326 telum
444 2261 611 2326 iaculabile
628 2261 746 2326 nostri.'

63 2348 183 2433 excipit
199 2347 330 2412 Actaeis
348 2369 365 2411 e
383 2346 533 2411 fratribus
551 2348 679 2412 alteret
697 2354 804 2410 ‘usum

63 2434 218 2499 maiorem
235 2432 338 2517 specie
356 2432 525 2496 mirabere'
543 2432 624 2496 dixit
641 2433 688 2495 ‘in
705 2433 775 2496 isto.

64 2518 278 2601 consequitur,
295 2518 518 2601 quodcumque
535 2518 629 2602 petit,
646 2517 835 2599 fortunaque
852 2516 984 2583 missum

10 2622 19 2701 ᾗ·
64 2625 130 2668 non
146 2603 244 2687 regit3
263 2614 295 2667 et
310 2603 431 2667 revolat
447 2603 534 2666 nullo
552 2603 707 2666 referente
726 2603 911 2666 cruentum!

10 2722 17 2767 ιΙ
65 2699 134 2753 tum
150 2710 227 2752 vero
242 2686 365 2752 iuvenis
382 2688 415 2752 N
415 2696 516 2753 ere'r'us
534 2688 640 2751 omnia
657 2689 789 2770 quaerit,

10 2758 21 2837 l
66 2796 122 2839 cur
139 2773 196 2850 sit,
213 2783 245 2838 et
261 2773 347 2839 unde
365 2773 472 2836 datum
478 2820 488 2849 ,
506 2773 577 2856 quis
595 2772 674 2836 tanti
691 2772 829 2837 muneris
848 2785 966 2837 auctor.

21 2934 26 2941 .
66 2880 148 2943 quae
164 2857 258 2943 petit,
275 2858 328 2923 ille
345 2857 451 2923 refert.
495 2859 551 2922 sed
569 2858 653 2923 enim
670 2881 798 2922 narrare
815 2860 929 2942 pudori
948 2869 1005 2938 est,

66 2964 128 3028 qua
146 2943 253 3009 tulerit
269 2943 427 3008 mercede:
447 2943 531 3019 silet,
549 2954 714 3026 tactusque
734 2944 841 3008 dolore

31 3074 35 3079 -
69 3029 211 3115 coniugis
229 3030 362 3093 amissae
379 3029 516 3092 lacrimis
533 3028 578 3091 ita
595 3027 681 3091 fatur
698 3028 830 3093 obortis:

29 3158 35 3193 :
69 3114 141 3179 ‘hoo
158 3136 226 3190 me,
244 3124 317 3178 nate
335 3114 408 3190 dea,
427 3112 514 3196 (quis
532 3113 631 3198 possit
648 3114 808 3200 crederet)
825 3116 924 3180 telum

68 3198 139 3265 llere
157 3198 236 3263 facit
251 3197 410 3281 facietque
427 3198 495 3274 diu,
514 3199 541 3262 si
558 3198 665 3264 vivere
681 3199 773 3264 nobis

68 3283 130 3349 fata
148 3284 205 3348 diu
223 3283 376 3349 dederint.
420 3283 480 3347 hoc
499 3306 549 3348 me
567 3306 640 3348 cum
658 3286 792 3371 coniuge
811 3307 884 3349 cara

22 3376 38 3455 ’ᾖ
87 3369 215 3435 erdidit:
234 3368 294 3433 hoc
312 3368 432 3432 utinam
450 3369 620 3434 caruissem
639 3393 768 3435 munere
786 3369 923 3455 semperl

67 3390 192 3520 l'rocris
210 3464 292 3530 erat3
311 3452 337 3517 si
354 3453 435 3518 forte
453 3455 555 3539 magis
568 3455 716 3603 pervenit
734 3456 775 3520 ad
793 3478 884 3519 aures

68 3536 216 3623 Orithyia
233 3549 318 3615 tuas,
336 3549 444 3624 raptae
462 3561 550 3603 soror
602 3539 750 3624 rithyiae:

65 3625 91 3688 61
107 3626 224 3689 faciem
242 3645 408 3707 moresque
425 3625 503 3689 velis
522 3624 664 3689 conferre
682 3625 826 3702 duarum,

65 3710 190 3796 dignior
207 3710 278 3794 ipsa
294 3709 371 3795 rapi.
414 3721 504 3795 pater
521 3709 603 3773 hanc
620 3710 697 3773 mihi
714 3711 816 3774 iunxit
832 3709 1041 3790 Erechtheus,

62 3791 147 3860 hanc
164 3794 244 3859 mihi
260 3794 363 3858 iunxit
380 3816 477 3858 amor.
521 3795 597 3858 felix
615 3796 743 3860 dicebar
761 3816 919 3878 eramque.

62 3880 192 3945 nonita
209 3878 258 3943 dis
276 3879 380 3943 visum
398 3892 459 3956 est,
478 3890 533 3943 aut
550 3901 635 3943 nunc
652 3901 778 3963 quoque
796 3880 929 3945 forsitan
947 3904 1059 3947 essem.

62 3966 144 4031 61666
162 3964 319 4051 agebatur
335 3975 407 4049 post
424 3987 514 4029 sacra
531 3963 649 4048 iugalia
665 3965 781 4030 mensis
786 3989 795 4041 ;
1105 3990 1154 4039 700

62 4072 138 4119 cum
154 4072 209 4117 me
227 4048 399 4137 cornigeris
415 4050 595 4115 tendentem
613 4049 693 4115 retia
709 4050 810 4116 cervis
