2574 4478
220 302 281 370 176
552 314 584 369 P.
603 314 727 372 OVIDII
743 310 905 371 NASONIS

215 441 435 525 piscosamque
454 434 585 503 Gnidon
602 437 807 523 gravidamve
825 433 1024 499 Amathunta
1042 432 1194 509 metallis3

216 525 353 589 abstinet
370 536 401 588 et
419 525 520 588 eaelo:
540 524 627 588 caelo
644 524 820 609 praefertur
837 521 970 585 Adonis.

216 610 301 674 huno
318 619 417 685 tenet,
436 608 509 672 huie
527 631 632 673 comes
651 619 707 685 est,
727 618 914 689 assuetaque
933 627 1057 691 semper
1074 605 1107 669 in
1125 605 1238 669 umbra

215 695 379 780 indulgere
397 694 457 758 sibi
474 694 672 776 formamque
690 716 807 778 augere
825 692 967 768 colendo,

149 800 198 850 535
216 803 273 864 per
289 781 379 865 iuga,
397 802 453 864 per
471 778 565 842 silvas
584 779 778 862 dumosaque
797 801 874 842 saxa
890 787 1036 862 vagatur,

215 866 277 930 fine
296 887 398 950 genus
416 875 535 928 vestem
552 864 615 928 ritu
633 865 794 928 succincta
810 863 950 927 Dianae:

215 951 421 1033 hortaturque
441 971 548 1014 canes:
568 960 717 1032 tutaeque
734 949 882 1013 animalia
898 949 1035 1032 praedae

217 1048 272 1099 aut
288 1057 404 1121 pronos
421 1036 545 1119 lepores
564 1046 619 1098 aut
637 1035 756 1098 celsum
772 1035 806 1098 in
824 1055 941 1098 cornua
959 1055 1089 1098 cervum

217 1132 271 1185 aut
290 1120 388 1206 agitat
406 1120 564 1183 dammas:
584 1119 754 1184 afortibus
773 1120 909 1184 abstinet
925 1119 1020 1204 apris,

149 1228 199 1277 540
215 1217 418 1291 raptoresque
436 1205 528 1290 lupos
546 1215 745 1287 armatosque
762 1205 923 1290 unguibus
940 1225 1031 1268 ursos

216 1292 294 1355 vitat
312 1302 343 1356 et
360 1291 493 1354 armenti
510 1301 665 1355 saturatos
682 1291 779 1355 caede
796 1291 912 1355 leones.

216 1387 247 1441 te
265 1397 405 1459 quoque,
422 1386 459 1440 ut
475 1375 532 1440 hos
551 1376 676 1452 timeas,
695 1376 721 1439 si
739 1376 815 1458 quid
833 1376 983 1461 prodesse
1001 1375 1160 1441 monendo

215 1463 327 1562 possit,
345 1461 467 1538 Adoni,
485 1472 592 1526 monet
610 1461 812 1544 “fortis''que
830 1460 1024 1546 “fugacibus
1042 1462 1135 1526 esto''

119 1601 120 1604 ,
215 1548 332 1631 mquit:
351 1546 409 1610 “in
427 1547 563 1612 audaces
580 1568 644 1610 non
662 1556 709 1612 est
726 1547 859 1611 audacia
876 1557 954 1611 tuta.

148 1654 198 1704 545
216 1655 310 1719 parce
327 1654 409 1709 meo,
426 1633 564 1709 iuvenis,
582 1632 765 1697 temerarius
783 1654 851 1697 esse
868 1632 1001 1718 pericloz

216 1741 296 1783 neve
313 1717 411 1794 feras,
429 1717 543 1800 quibus
562 1741 649 1782 arma
666 1717 752 1782 dedit
769 1728 896 1794 natura,
914 1720 1044 1793 lacesse,

217 1814 276 1868 stet
294 1803 371 1866 mihi
387 1825 428 1868 ne
446 1825 562 1888 magno
580 1814 636 1867 tua
653 1804 763 1888 gloria.
807 1825 871 1867 non
888 1814 995 1868 movet
1012 1816 1100 1869 aetas

216 1912 275 1953 neo
292 1889 389 1953 facies
406 1910 480 1965 nec,
499 1910 581 1971 quae
598 1889 757 1954 Venerem
775 1911 915 1966 movere,
933 1890 1040 1954 leones

217 1975 451 2059 saetigerosque
469 1996 541 2038 sues
560 1974 730 2056 oculosque
748 1974 932 2057 animosque
949 1975 1100 2039 ferarum.

150 2079 201 2129 550
219 2060 340 2143 fulmen
358 2059 476 2124 habent
493 2081 580 2124 acres
597 2059 630 2123 in
648 2059 779 2124 aduncis
797 2060 944 2124 dentibus
961 2059 1043 2145 apri:

216 2145 354 2230 impetus
372 2155 419 2209 est
437 2145 532 2209 fulvis
550 2155 581 2210 et
598 2155 688 2209 vasta
705 2145 848 2210 leonibus
865 2145 925 2209 ira:

217 2231 417 2312 invisumque
433 2230 512 2294 mihi
528 2253 629 2315 genus
647 2230 724 2295 est'’
767 2251 850 2313 quae
868 2252 978 2306 causa,
996 2231 1123 2316 roganti

218 2315 371 2380 “dicam’'
390 2317 433 2380 ait
439 2340 449 2393 3
467 2323 523 2380 “et
540 2316 654 2380 veteris
671 2326 846 2379 monstrum
864 2316 1018 2381 mirabere
1037 2317 1161 2402 culpae.

218 2403 273 2466 sed
290 2402 379 2465 labor
395 2401 539 2465 insolitus
556 2402 619 2464 iam
637 2424 688 2465 me
705 2401 843 2465 lassavit.
888 2412 920 2466 et
937 2423 1011 2466 ecoe

150 2506 200 2555 555
218 2498 393 2572 opportuna
411 2510 468 2551 sua
484 2487 644 2551 blanditur
661 2487 798 2572 populus
815 2487 938 2563 umbra,

218 2574 336 2656 datque
353 2583 457 2636 torum
475 2594 617 2658 caespes:
635 2572 713 2636 libet
729 2571 790 2637 hac
807 2571 1003 2655 requiescere
1021 2571 1168 2638 tecum:’'

218 2669 250 2723 et
266 2658 420 2741 requievit
438 2658 534 2722 humo
552 2656 726 2743 pressitque
744 2668 775 2721 et
792 2679 923 2742 gramen
941 2668 971 2722 et
988 2658 1105 2743 ipsum,

218 2744 313 2827 inque
332 2743 402 2807 sinu
419 2743 541 2808 iuvenis
558 2743 661 2827 posita
677 2743 798 2807 cervice
815 2743 940 2808 reclinis

219 2830 264 2892 sio
283 2829 339 2903 ait,
358 2850 395 2892 ac
412 2828 522 2898 mediis
540 2827 697 2892 interserit
714 2829 823 2892 oscula
840 2829 954 2893 verbis.

151 2934 201 2983 550
219 2914 375 2978 “forsitan
393 2913 528 2978 audieris
546 2914 685 2995 aliquam
702 2913 871 2978 certamine
889 2936 999 2978 cursus
1054 2913 1192 2994 (atalanta
1203 2922 1227 2966 et

218 3000 342 3063 veloces
361 3021 525 3084 superasse
544 2999 637 3063 viros.
681 3021 744 3063 non
762 2999 871 3063 fabula
887 3020 995 3063 rumor
1043 2982 1236 3051 ffippml

218 3085 271 3150 ille
289 3085 349 3148 fuit
367 3082 551 3169 (superabat
568 3083 677 3166 enim),
694 3106 753 3150 nec
771 3084 874 3149 dicere
892 3107 1010 3170 posses,

219 3170 313 3234 laude
330 3170 462 3254 pedum,
480 3169 640 3234 formaene
657 3169 741 3234 bono
758 3170 966 3254 praestantior
983 3180 1075 3236 esset.

219 3255 344 3319 scitanti
362 3255 439 3319 deus
457 3254 530 3319 huic
548 3255 587 3320 de
606 3255 740 3340 coniuge
757 3255 962 3340 “‘coniuge'”
981 3255 1062 3319 dixit

151 3359 201 3409 555
220 3341 299 3405 “‘nil
317 3363 395 3426 opus
414 3352 476 3417 est,
493 3341 659 3416 Atalanta,
676 3341 743 3404 tibi.
786 3340 863 3427 fuge
881 3340 1024 3426 coniugis
1042 3364 1147 3408 usum.

218 3449 277 3491 nec
294 3438 400 3491 tamen
418 3425 565 3510 effugies,
583 3437 677 3508 teque
694 3425 764 3510 ipsa
781 3427 854 3491 viva
871 3425 1032 3491 carebis.”'

219 3512 326 3576 territa
344 3522 425 3576 sorte
443 3512 495 3575 dei
511 3534 568 3596 per
585 3533 700 3595 opacas
716 3512 836 3576 innuba
854 3512 948 3576 silvas

219 3598 296 3661 vivit
314 3608 345 3662 et
361 3598 528 3662 instantem
547 3597 671 3661 turbam
689 3597 827 3661 violenta
843 3618 1010 3681 procorum

220 3683 403 3747 condicione
420 3682 526 3767 fugat,
544 3689 638 3746 “‘neo
656 3705 726 3745 sum
743 3683 901 3767 potienda,
927 3682 1021 3747 nisi'’'
1039 3682 1141 3767 inquit

152 3789 202 3837 550
221 3770 339 3832 ‘“victa
356 3769 443 3853 prius
461 3790 565 3833 cursu.
608 3768 742 3853 pedibus
760 3768 937 3833 contendite
955 3786 1090 3833 mecum.

219 3854 359 3939 praemia
376 3854 476 3918 veloci
495 3855 632 3918 coniunx
649 3853 841 3936 thalamique
858 3853 1031 3918 dabuntur:

220 3963 304 4003 mors
322 3939 456 4023 pretium
473 3940 580 4004 tardis.
624 3960 661 4002 ea
678 3939 730 4003 lex
748 3938 925 4004 certaminis
943 3950 991 4003 est
1012 3939 1052 4002 .'”

219 4025 273 4088 illa
290 4025 417 4107 quidem
434 4024 576 4088 immitis:
596 4024 651 4088 sed
669 4021 770 4106 (tanta
787 4024 927 4109 potentia
943 4023 1065 4090 formae
1083 4024 1146 4111 est)

220 4108 305 4176 venit
323 4110 363 4175 ad
381 4109 463 4175 hano
480 4111 583 4196 legem
600 4108 766 4175 temeraria
782 4110 877 4175 turba
893 4130 1070 4196 procorum.
