2574 4478
246 282 610 343 METAMORPHOSEON
625 286 698 341 LIB.
716 286 751 343 V.
769 286 896 344 83-170.
1038 272 1077 338 t?

61 407 119 475 sed
137 407 292 474 retinente
309 432 406 472 manu
423 409 557 474 moriens
575 433 592 473 e
610 420 698 494 poste
716 409 873 493 pependit.

61 495 213 560 sternitur
230 505 262 558 et
277 495 458 570 Menaleus‚
477 494 606 559 Perseia
623 506 725 558 castra
743 505 878 572 secutus,

61 591 93 644 et
110 579 335 644 Nasamoniaci
352 579 490 663 Dorylas
508 579 679 642 ditissimus
697 579 775 662 agri,

61 665 151 728 dives
170 664 239 750 agri
255 663 408 748 Dorylas,
427 685 490 746 quo
507 685 571 729 non
587 665 769 748 possederat
786 663 863 728 alter
1098 684 1146 733 130

60 749 157 814 latius
175 760 230 813 aut
247 749 376 814 totidem
394 749 523 813 tollebat
540 747 631 813 farris
649 770 786 813 acervos.

60 834 157 899 huius
175 835 208 898 in
226 834 354 917 obliquo
371 834 502 898 missum
519 834 605 899 stetit
621 835 751 918 inguine
768 834 900 898 ferrum:

61 919 167 984 letifer
184 919 236 984 ille
254 919 351 984 locus.
395 940 490 1001 quem
507 929 673 1004 postquam
692 919 829 983 vulneris
847 930 956 984 auctor

61 1004 288 1089 singultantem
306 1003 442 1068 animam
460 1014 492 1068 et
509 1014 687 1068 versantem
704 1003 822 1068 lumina
839 1005 918 1069 vidit

60 1090 209 1154 Bactrius
226 1089 445 1173 Halcyoneus,
464 1088 552 1165 ‘hoc,
571 1089 656 1172 quod
673 1089 802 1174 premis'
820 1089 921 1172 inquit
939 1090 1068 1157 ‘habeto
1097 1110 1144 1160 135

61 1175 101 1239 de
119 1186 168 1239 tot
185 1175 269 1259 agris
286 1175 409 1250 terrae,’
428 1195 604 1259 corpusque
622 1196 765 1259 exangue
783 1174 916 1258 reliquit.

60 1270 188 1342 torquet
204 1260 238 1322 in
254 1258 339 1324 hunc
355 1258 478 1323 hastam
496 1260 597 1323 calido
616 1259 655 1324 de
672 1259 801 1323 vulnere
818 1271 942 1344 raptam

60 1345 145 1409 ultor
161 1344 374 1420 Abantiades,
391 1344 496 1409 media
513 1365 594 1427 quae
611 1366 687 1409 nare
704 1355 830 1429 recepta

61 1430 185 1494 cervice
203 1441 315 1494 exacta
332 1439 379 1494 est
396 1430 429 1492 in
445 1440 613 1514 partesque
630 1429 746 1494 eminet
763 1429 882 1493 ambas.

60 1515 201 1598 dumque
218 1537 347 1578 manum
363 1514 506 1579 Fortuna
522 1514 623 1591 iuvat,
642 1511 845 1599 Clytiumque
864 1513 1051 1600 Claninque,
1097 1536 1145 1586 140

60 1610 162 1664 matre
180 1610 265 1664 satos
282 1623 360 1675 una,
379 1598 503 1664 diverso
519 1601 649 1664 vulnere
667 1599 759 1663 fudit.

59 1708 135 1750 nam
153 1682 251 1770 Clytii
268 1707 325 1770 per
342 1692 512 1768 utrumque
528 1685 618 1770 gravi
635 1685 748 1748 librata
765 1685 882 1749 lacerto

58 1769 202 1834 fraxinus
221 1782 292 1834 acta
308 1770 425 1834 femur:
443 1771 581 1835 iaculum
600 1767 707 1834 Clanis
726 1792 779 1834 ore
796 1771 973 1837 momordit.

59 1855 177 1920 occidit
194 1866 226 1920 et
244 1852 387 1920 Celadon
404 1855 590 1920 Mendesius
595 1880 605 1932 ;
623 1855 737 1919 occidit
753 1852 898 1930 Astreus,

57 1952 159 2005 matre
176 1939 373 2016 Palaestina,
392 1940 487 2005 dubio
505 1941 645 2026 genitore
664 1951 800 2005 creatus:

58 2025 264 2109 Aethionque
281 2049 380 2110 sagax
397 2026 556 2108 quondam
574 2037 706 2091 ventura
723 2026 839 2102 videre,

58 2123 135 2176 tunc
152 2133 212 2176 ave
230 2111 379 2196 deceptus
397 2110 491 2175 falsa:
509 2112 656 2196 regisque
674 2111 831 2175 Thoactes

59 2196 205 2282 armiger,
224 2207 256 2261 et
273 2217 364 2261 caeso
381 2197 523 2281 genitore
540 2195 666 2260 infamis
683 2196 833 2281 Agyrtes.

57 2284 129 2367 plus
147 2293 255 2346 tamen
271 2282 424 2346 exhausto
441 2293 593 2367 superest.
637 2304 774 2365 namque
792 2281 937 2345 omnibus
955 2305 1054 2347 unum

58 2366 236 2453 opprimere
253 2377 301 2431 est
319 2366 452 2431 animus.
495 2366 658 2431 coniurata
674 2366 814 2449 undique
831 2380 975 2450 pugnant
1096 2389 1144 2438 150

58 2453 188 2538 agmina
204 2473 262 2538 pro
280 2473 377 2516 causa
393 2451 539 2516 meritum
556 2452 763 2536 impugnante
780 2451 948 2534 fidemque.

57 2538 117 2603 hac
134 2559 193 2624 pro
210 2547 300 2622 parte
317 2558 406 2601 socer
422 2536 540 2600 frustra
556 2537 628 2622 pius
646 2547 677 2601 et
693 2558 777 2600 nova
794 2537 931 2600 coniunx

58 2646 131 2688 cum
147 2621 308 2708 genetrice
325 2621 435 2686 favent
451 2622 637 2705 ululatuque
654 2621 733 2686 atria
750 2621 918 2705 complent.

58 2708 113 2774 sed
131 2729 229 2773 sonus
247 2729 407 2770 armorum
424 2718 551 2791 superat
568 2706 767 2792 gemitusque
785 2706 965 2785 cadentum,

57 2795 257 2879 pollutosque
275 2792 372 2857 semel
389 2792 488 2856 multo
506 2793 640 2856 Bellona
656 2791 794 2856 Penates
1096 2812 1143 2864 155

57 2878 212 2964 sanguine
230 2877 391 2962 perfundit
408 2887 620 2960 renovataque
637 2878 757 2962 proelia
773 2876 894 2942 miscet.

58 2966 220 3029 circueunt
236 2985 336 3027 unum
352 2962 494 3027 Phineus
513 2972 543 3027 et
560 2962 645 3026 mille
663 2963 763 3027 secuti

56 3048 191 3114 Phinea.
235 3048 298 3113 tela
315 3048 423 3113 volant
439 3047 571 3112 hiberna
588 3048 741 3132 grandine
758 3048 851 3132 plura

56 3145 182 3220 praeter
198 3143 368 3216 utrumque
385 3134 467 3197 latus
484 3143 671 3218 praeterque
689 3133 844 3197 etlumen
861 3143 892 3197 et
909 3155 1012 3199 aures.

56 3220 196 3307 applicat
212 3218 286 3283 hinc
303 3240 429 3284 umeros
447 3219 488 3282 ad
505 3240 640 3303 magnae
658 3241 734 3281 saxa
752 3219 926 3294 columnae,
1094 3239 1143 3288 160

55 3316 189 3388 tutaque
206 3315 295 3389 terga
312 3326 426 3388 gerens
445 3303 640 3386 adversaque
658 3304 691 3366 in
709 3304 836 3387 agmina
854 3325 964 3367 versus

55 3391 190 3456 sustinet
207 3389 369 3453 instantes.
413 3387 551 3452 instabat
590 3399 656 3452 arte
675 3388 800 3452 sinistra

56 3475 220 3541 Chaonius
237 3474 398 3558 Molpeus,
416 3473 527 3538 dextra
544 3411 727 3538 thuaneus
744 3472 913 3538 Ethemon.

54 3561 145 3648 tigris
163 3570 200 3624 ut
217 3559 332 3624 auditis
351 3559 475 3624 diversa
492 3559 573 3623 valle
591 3559 726 3623 duorum

55 3646 241 3713 extimulata
256 3644 342 3710 fame
359 3644 532 3729 mugitibus
550 3654 762 3708 armentorum
1095 3665 1141 3716 165

53 3731 169 3807 nescit,
186 3740 259 3795 utro
275 3729 379 3814 potius
396 3740 483 3805 ruat,
502 3738 533 3794 et
550 3751 640 3794 ruere
658 3729 748 3793 ardet
764 3737 913 3812 utroque:

54 3818 98 3883 sic
116 3815 235 3881 dubius
251 3813 405 3891 Perseus,
424 3815 535 3879 dextra
550 3814 681 3879 laevane
699 3813 828 3889 feratur,

10 3930 21 3997 q
53 3902 187 3988 Molpea
203 3899 326 3966 traiecti
343 3899 513 3965 summovit
531 3900 660 3965 vulnere
678 3898 776 3963 cruris

10 4008 24 4041 ¹-
53 3998 285 4071 contentusque
301 3985 381 4071 fuga
398 3997 454 4051 est.
498 4006 600 4068 neque
618 3984 702 4050 enim
719 3985 774 4048 dat
791 3994 915 4071 tempus
933 3983 1107 4064 Ethemon3

22 4152 25 4159 ,
53 4075 108 4147 sed
126 4073 206 4146 furit
223 4082 270 4155 et,
287 4070 418 4164 cupiens
436 4070 499 4139 alto
517 4071 592 4142 dare
609 4071 740 4141 vulnera
757 4070 849 4153 collo,
1091 4091 1140 4146 uo
