2574 4478
270 252 635 314 METAMORPHOSEON
652 250 725 310 LIB.
745 252 792 305 VI.
813 251 955 308 193-280.
1080 235 1121 302 95

100 380 157 446 ille
181 393 216 446 ut
244 393 311 447 erat
327 401 445 466 pronus
471 402 528 465 per
550 401 641 443 crura
659 376 795 441 admissa
812 376 966 458 iubasque

102 467 243 532 volvitur
260 479 292 532 et
308 467 410 531 calido
428 466 571 530 tellurem
589 463 742 547 sanguine
760 461 877 526 foedat.

102 552 300 618 Phaedimus
317 551 427 616 infelix
444 561 476 614 et
493 549 568 614 aviti
585 548 719 612 nominis
736 547 827 610 heres

101 638 275 714 Tantalus,
292 647 329 701 ut
346 636 437 701 solito
453 635 549 700 finem
566 634 742 719 imposuere
758 631 869 706 labori,

102 722 293 788 transierant
309 722 351 787 ad
368 744 447 806 opus
464 720 582 785 nitidae
599 719 744 784 iuvenale
761 717 949 802 palaestraez

103 819 137 874 et
153 807 218 872 iam
236 808 432 874 contulerant
449 817 517 870 arto
533 805 685 870 luctantia
701 826 786 868 nexu

102 905 234 980 pectora
250 893 444 979 pectoribus,
463 914 535 956 cum
552 902 638 957 tento
656 889 778 955 concita
795 909 903 965 nervo,

103 980 188 1044 sicut
205 990 294 1044 erant
311 977 424 1054 iuncti,
441 976 564 1042 traiecit
579 987 749 1058 utrumque
767 975 891 1058 sagitta.

103 1064 290 1150 ingemuere
308 1063 415 1139 simul,
433 1062 527 1127 simul
544 1061 708 1126 incurvata
725 1059 832 1124 dolore

102 1151 249 1215 membra
266 1149 332 1214 solo
349 1170 496 1234 posuere,
515 1147 607 1211 simul
625 1169 773 1231 suprema
788 1145 926 1210 iacentes

103 1236 227 1301 lumina
243 1246 422 1309 versarunt,
440 1234 577 1297 animam
595 1231 689 1296 simul
706 1232 880 1296 exalarunt..

104 1321 219 1406 aspicit
235 1320 410 1406 Alphenor,
428 1318 607 1402 laniataque
623 1330 752 1403 pectora
769 1317 923 1401 plangens

105 1406 250 1483 advolat,
268 1419 304 1471 ut
321 1404 442 1491 gelidos
460 1404 676 1489 complexibus
694 1403 809 1466 allevet
825 1411 922 1478 artus,

103 1493 202 1576 inque
219 1491 273 1577 pio
290 1491 375 1556 cadit
390 1489 505 1555 officio.
547 1511 623 1553 nam
640 1487 753 1553 Delius
770 1487 816 1552 illi

104 1578 217 1642 intima
234 1576 360 1641 fatifero
376 1575 463 1660 rupit
479 1573 663 1660 praecordia
679 1574 773 1638 ferro.

100 1664 189 1746 quod
207 1664 301 1728 simul
318 1665 467 1729 eductum
484 1675 542 1739 est,
560 1686 633 1749 pars
651 1676 699 1728 est
738 1662 874 1728 ulmonis
891 1661 924 1726 in
941 1659 1042 1725 hamis

101 1754 207 1821 eruta,
226 1764 362 1827 cumque
378 1746 484 1808 anima
501 1765 594 1810 cruor
610 1755 658 1810 est
675 1768 693 1810 e
720 1769 795 1811 usus
812 1746 845 1810 in
863 1770 966 1811 auras.

101 1839 137 1893 at
153 1849 217 1893 non
235 1824 395 1894 intonsum
412 1830 546 1915 simplex
563 1830 835 1896 Damasichthona
851 1833 966 1897 vulnus

101 1913 212 1979 aflicit
255 1913 336 1980 ictus
354 1926 435 1992 erat,
454 1936 518 1999 qua
535 1938 607 1981 crus
624 1939 694 1982 esse
710 1917 835 2001 incipit,
853 1929 885 1982 et
902 1939 965 2002 qua

100 1999 211 2064 mollia
228 2022 380 2066 nervosus
398 2000 475 2065 facit
491 2001 668 2067 internodia
684 2004 805 2087 poples.

101 2085 243 2169 dumque
260 2109 358 2151 manu
375 2097 507 2171 temptat
523 2087 646 2152 trahere
664 2087 822 2152 exitiabile
839 2086 948 2164 telum,

100 2170 201 2235 altera
218 2194 275 2256 per
291 2172 437 2258 iugulum
455 2173 566 2257 pennis
583 2185 675 2238 tenus
693 2184 764 2238 acta
780 2172 895 2258 sagitta
912 2184 969 2239 est.

100 2256 224 2341 expulit
240 2256 323 2322 hanc
340 2257 484 2343 sanguis,
502 2280 599 2343 seque
616 2258 789 2323 eiaculatus
806 2259 839 2321 in
857 2261 954 2323 altum

100 2343 218 2407 emicat
235 2355 267 2407 et
282 2342 378 2429 longe
395 2344 552 2409 terebrata
568 2345 689 2429 prosilit
706 2367 792 2409 aura.

100 2427 233 2493 ultimus
250 2428 390 2494 Ilioneus
407 2452 471 2494 non
488 2429 668 2515 profectura
684 2430 842 2515 precando

99 2512 252 2579 bracchia
269 2516 452 2592 sustulerat,
470 2516 594 2600 ‘di'que
613 2522 646 2578 ‘0
664 2515 871 2580 communiter
889 2516 1018 2594 omnes,’

100 2597 240 2676 dixerat,
258 2600 387 2685 ignarus
405 2622 468 2665 non
486 2623 595 2667 omnes
613 2624 682 2666 esse
699 2601 867 2685 rogandos,

101 2684 269 2769 ‘parcitel'
295 2697 399 2751 motus
418 2697 498 2764 erat,
516 2709 589 2752 curn
606 2686 669 2751 iam
687 2686 864 2752 revocabile
882 2686 979 2751 telum

100 2792 167 2834 non
184 2770 260 2848 fuit,
277 2771 476 2837 Arcitenens.
520 2772 649 2836 minimo
667 2783 773 2838 tamen
791 2771 905 2837 occidit
921 2772 973 2836 ille

100 2856 248 2933 vulnere,
266 2878 329 2921 non
348 2858 410 2922 alte
426 2879 575 2942 percusso
594 2859 687 2922 corde
705 2857 830 2943 sagitta.

142 2941 246 3005 Fama
263 2942 339 3006 mali
355 2943 526 3028 populique
544 2943 633 3007 dolor
648 2943 859 3026 lacrimaeque
877 2965 1006 3008 suorum

101 3037 168 3090 tam
187 3027 310 3092 subitae
328 3040 461 3092 matrem
478 3040 596 3093 certam
614 3028 719 3094 fecere
735 3028 846 3094 ruinae

99 3112 268 3177 mirantem
285 3115 440 3198 potuisse,
458 3114 721 3197 irascentemque,
740 3116 825 3198 quod
842 3115 911 3178 ausi

99 3197 163 3262 hoc
180 3210 285 3263 essent
302 3199 421 3284 superi,
439 3200 526 3282 quod
543 3211 664 3264 tantum
682 3199 759 3264 iuris
777 3200 943 3265 haberent·

98 3305 175 3347 nam
193 3294 283 3369 pater
299 3284 462 3369 Amphion
480 3285 563 3350 ferro
581 3308 637 3369 per
653 3297 764 3370 pectus
782 3285 893 3350 adacto

98 3368 226 3433 finierat
241 3369 379 3434 moriens
397 3371 514 3454 pariter
530 3392 602 3435 cum
619 3372 690 3436 luce
708 3371 858 3435 dolorem.

98 3454 164 3519 heu
181 3467 335 3537 quantum
353 3455 431 3519 haec
447 3455 552 3520 Niobe
569 3456 672 3522 Niobe
691 3455 827 3520 distabat
845 3456 885 3520 ab
902 3456 966 3533 illa,

99 3561 182 3622 quae
200 3539 295 3604 modo
312 3540 423 3604 Latois
440 3542 593 3626 populum
611 3554 824 3606 summoverat
842 3543 904 3606 aris

99 3637 131 3688 et
148 3624 288 3689 mediam
305 3626 420 3690 tulerat
436 3649 564 3711 gressus
582 3627 731 3711 resupina
747 3650 804 3711 per
820 3627 942 3704 urbem,

97 3709 256 3774 invidiosa
273 3711 352 3786 suis,
371 3723 404 3774 at
421 3733 506 3776 nunc
523 3711 702 3777 miseranda
719 3713 770 3777 vel
787 3711 884 3777 hostil

98 3794 286 3880 corporibus
303 3796 417 3881 gelidis
433 3796 587 3861 incumbit
605 3808 637 3861 et
654 3797 763 3862 ordine
780 3798 867 3863 nullo

98 3881 208 3945 oscula
226 3880 388 3966 dispensat
404 3893 494 3946 natos
513 3905 660 3967 suprema
676 3905 734 3968 per
751 3905 870 3948 omnes.

98 3965 251 4049 aquibus
270 3965 311 4029 ad
329 3968 451 4032 caelum
468 3967 598 4033 liventia
614 3968 762 4034 bracchia
780 3970 893 4036 tollens

97 4054 259 4139 ‘pascere
277 4053 426 4131 crudelis,
443 4065 564 4131 nostro,
582 4052 721 4132 Latona,
740 4054 857 4135 dolore,
