2574 4478
253 257 619 316 METAMORPHOSEON
636 257 709 313 LIB.
727 257 805 315 XIV.
824 256 969 313 ros-291.
1058 242 1118 308 241

96 406 157 451 nos
174 404 302 468 quoque
321 381 454 450 Circaeo
471 384 604 469 religata
620 382 654 446 in
670 382 761 447 litore
779 381 865 466 pinu,

96 469 294 555 Antiphatae
312 491 466 541 memores
483 468 735 552 inmansuetique
754 464 913 552 Cyclopis,

96 556 144 620 ire
161 555 371 640 negabamus3
381 558 528 621 sedtecta
544 554 654 640 ignota
670 553 776 618 subire

98 653 183 705 sorte
201 663 311 705 sumus
327 641 410 704 lecti.
454 662 522 705 sors
540 663 590 704 me
608 639 770 721 fidumque
787 636 912 702 Politen

97 724 381 810 Eurylochumque
398 726 492 790 simul
510 724 660 808 nimiique
678 724 838 809 Elpenora
855 723 921 786 vini

98 811 212 894 bisque
230 833 345 877 novem
362 811 464 875 socios
481 808 615 875 Circaea
633 811 674 874 ad
690 809 815 874 moenia
831 807 926 872 misit.

99 917 182 978 quae
199 895 294 960 simul
312 895 474 980 attigimus
492 896 700 978 stetimusque
716 895 750 959 in
766 893 874 958 limine
891 893 976 970 tecti,

99 979 185 1045 mille
203 981 271 1067 lupi
290 983 442 1066 mixtique
459 984 542 1068 lupis
554 981 689 1063 ,ursique
707 981 839 1063 leaeque

99 1086 234 1129 occursu
251 1064 355 1130 fecere
372 1075 503 1130 metum.
547 1065 603 1130 sed
619 1065 708 1129 nulla
724 1064 864 1129 timenda

98 1151 250 1232 nullaque
267 1160 334 1215 erat
351 1163 458 1215 nostro
476 1150 598 1216 factura
615 1150 650 1214 iu
667 1171 796 1235 corpore
813 1150 939 1214 vulnus.

98 1234 176 1318 quin
195 1234 289 1299 etiam
306 1234 439 1300 blandas
457 1256 584 1301 movere
601 1258 659 1320 per
676 1241 750 1300 a'e'ra
767 1235 884 1301 caudas

99 1331 270 1403 nostraque
288 1320 452 1385 adulantes
470 1321 621 1384 comitant
638 1320 785 1407 vestigia,
803 1321 904 1385 donec

101 1405 262 1490 excipiunt
280 1405 419 1470 famulae
436 1426 555 1489 perque
573 1405 652 1469 atria
669 1428 824 1470 marmore
842 1416 926 1470 tecta

101 1491 142 1555 ad
159 1491 320 1555 dominam
338 1491 467 1554 ducunt.
511 1492 643 1576 pulchro
661 1491 749 1555 sedet
766 1491 821 1555 illa
837 1513 964 1557 recessu

101 1576 243 1640 sollemni
261 1576 350 1652 solio,
369 1577 549 1660 pallamque
566 1576 676 1641 induta
694 1577 847 1642 nitentem

100 1661 230 1746 insuper
247 1674 357 1725 aurato
376 1660 618 1726 circumvelatur
635 1662 761 1726 amictu.

100 1746 253 1811 Nereides
270 1746 503 1830 Nymphaeque
522 1747 628 1824 simul,
647 1768 728 1830 quae
746 1748 863 1813 vellera
880 1747 973 1812 motis

100 1833 189 1896 nulla
205 1831 332 1896 trahunt
351 1831 458 1916 digitis
475 1853 534 1897 nec
551 1832 605 1896 fila
622 1833 786 1916 sequentia
802 1834 937 1898 ducunt:

100 1916 246 2002 gramina
262 1917 434 2002 disponunt
451 1938 639 2002 sparsosque
658 1918 725 1983 sine
743 1918 852 1983 ordine
868 1919 961 1983 flores

101 2013 268 2068 secernunt
286 2002 417 2067 calathis
434 2003 601 2086 variasque
619 2004 775 2067 coloribus
793 2003 918 2068 herbas.

99 2087 183 2173 ipsa,
202 2087 287 2171 quod
304 2087 365 2153 hae
382 2088 519 2164 faciunt,
537 2110 618 2174 opus
635 2088 748 2174 exigit3
765 2089 850 2174 ipsa,
867 2089 938 2172 quis
956 2112 1033 2154 usus

100 2194 205 2257 quove
223 2173 263 2238 sit
280 2172 312 2236 in
329 2173 417 2250 folio,
435 2195 517 2257 quae
534 2173 575 2238 sit
592 2173 760 2239 concordia
777 2173 894 2251 mixtis,

99 2258 188 2323 novit
205 2269 237 2323 et
254 2259 422 2325 advertens
438 2280 554 2344 pensas
572 2259 731 2323 examinat
747 2258 872 2323 herbas.

98 2344 178 2408 haec
196 2343 252 2408 ubi
268 2365 327 2409 nos
344 2344 437 2419 vidit,
456 2344 540 2408 dicta
557 2356 750 2428 acceptaque
768 2344 878 2421 salute,

99 2429 227 2494 diffudit
244 2430 351 2494 vultus
369 2444 401 2495 et
417 2428 554 2494 reddidit
571 2429 678 2494 omina
694 2430 785 2494 votis.

98 2537 158 2580 nec
174 2536 279 2592 mora,
295 2514 421 2580 misceri
438 2514 512 2579 tosti
529 2514 617 2580 iubet
634 2515 753 2580 hordea
769 2515 861 2600 grani

98 2601 257 2684 mellaque
274 2599 403 2683 vimque
419 2599 498 2666 meri
516 2623 589 2664 cum
605 2601 687 2666 lacte
705 2601 839 2684 coagula
856 2621 961 2685 pass0,

99 2684 218 2769 quique
236 2686 296 2750 sub
313 2685 374 2749 hac
390 2686 509 2751 lateant
526 2685 636 2750 furtim
654 2686 835 2762 dulcedine,
853 2707 947 2751 sucos

98 2769 205 2835 adicit.
249 2770 422 2856 accipimus
440 2794 531 2836 sacra
549 2771 623 2836 data
639 2772 754 2858 pocula
772 2772 892 2836 dextra.

98 2877 183 2940 quae
201 2856 294 2921 simul
312 2857 413 2921 arenti
430 2855 570 2921 sitientes
588 2856 751 2921 hausimus
769 2879 834 2934 ore,

98 2954 130 3007 et
149 2941 253 3025 tetigit
271 2963 411 3006 summos
429 2941 519 3026 virga
537 2942 597 3005 dea
615 2942 683 3006 dira
701 2942 842 3027 capillos,
859 2977 903 2990 -

98 3037 130 3093 et
146 3026 247 3112 pudet
265 3038 296 3092 et
312 3027 448 3092 referam
464 3061 508 3074 -
525 3028 619 3091 saetis
636 3027 817 3092 horrescere
835 3027 926 3112 coepi

97 3135 158 3178 nec
175 3111 240 3176 iam
257 3134 350 3197 posse
367 3112 469 3196 loqui,
488 3135 544 3197 pro
563 3112 667 3177 verbis
685 3113 779 3178 edere
795 3135 929 3176 raucum

97 3219 243 3261 murmur
260 3210 292 3262 et
308 3198 342 3261 in
359 3207 475 3263 terram
492 3209 558 3262 toto
576 3199 784 3283 procumbere
801 3199 906 3262 vultu:

97 3304 198 3365 osque
216 3305 322 3347 meum
340 3283 424 3348 sensi
441 3283 546 3369 pando
564 3283 771 3348 occallescere
788 3295 901 3360 rostro,

97 3368 182 3433 colla
198 3378 320 3433 tumere
337 3367 428 3445 toris,
446 3379 478 3433 et
495 3390 559 3451 qua
575 3368 669 3433 modo
687 3370 801 3454 pocula
817 3378 907 3454 parte

96 3464 227 3538 sumpta
243 3453 321 3517 mihi
338 3453 479 3528 fuerant,
497 3453 551 3518 illa
568 3453 702 3539 vestigia
719 3455 791 3520 feci.

97 3559 237 3621 cumque
255 3540 366 3604 eadem
384 3539 484 3624 passis
502 3538 641 3622 (tantum
658 3539 868 3605 medicamina
885 3537 1046 3624 possuntl)

96 3623 231 3689 claudor
249 3623 339 3700 hara3
358 3625 524 3707 solumque
542 3625 608 3688 suis
626 3626 764 3691 caruisse
781 3626 885 3711 figura

95 3709 236 3773 vidimus
254 3708 485 3794 Eurylochum:
504 3709 589 3774 solus
608 3709 683 3774 data
697 3713 813 3797 pocula
830 3710 923 3795 fugit.

95 3816 182 3878 quae
199 3794 260 3858 nisi
278 3794 421 3872 vitasset,
439 3794 561 3880 pecoris
578 3817 653 3881 pars
670 3818 735 3860 una
751 3818 913 3861 manerem

94 3901 184 3945 nunc
202 3900 328 3963 quoque
347 3879 509 3966 saetigeri,
526 3902 586 3944 nec
605 3891 711 3947 tantae
729 3881 826 3947 cladis
844 3880 956 3946 abillo

95 3964 214 4031 certior
231 3964 271 4029 ad
290 3962 405 4030 Circen
422 3966 506 4030 ultor
523 3965 660 4031 venisset
677 3965 800 4032 Ulixes.

94 4050 220 4142 pacifer
236 4049 311 4115 huic
329 4051 458 4120 dederat
475 4051 585 4119 dorem
603 4048 769 4141 Cyllenius
787 4051 910 4121 album:

151 4149 309 4202 vaanenu.
919 4153 954 4214 16
