2574 4478
26 4106 47 4207 1.,

116 284 234 376 ’166
314 274 331 279 ”
359 276 377 288 „.
504 323 538 378 1.
557 321 682 380 01155
697 320 862 381 ussurus

172 446 263 524 ‘rex,'
281 447 325 512 ait
342 454 376 511 ‘0
394 445 495 511 salve!
523 446 580 510 tibi
599 447 693 522 enim,
710 447 782 520 tibi,
801 444 897 532 Cipe‚
915 446 1045 532 tuisque

171 533 224 598 hic
239 535 328 598 locus
345 544 378 597 et
394 532 506 597 Latiae
524 533 680 617 parebunt
698 531 845 596 cornibus
863 555 961 598 arces.

171 632 207 683 tu
222 619 318 683 modo
334 641 446 703 rumpe
463 640 568 682 moras
585 630 755 703 portasque
772 618 889 682 intrare
906 630 1053 704 patentes

171 727 355 790 appropera.
400 703 445 767 sic
461 703 527 766 fata
543 704 663 768 iubent.
706 725 843 786 namque
860 704 940 769 urbe
956 720 1106 791 receptus

104 809 154 858 585
171 814 228 855 rex
245 790 305 855 eris
324 802 354 854 et
371 800 495 873 sceptro
513 802 600 852 tutus
617 789 737 872 potiere
754 790 906 873 perenni!

171 875 290 941 rettulit
306 875 358 939 ille
375 875 504 959 pedem,
522 885 706 956 torvamque
724 897 744 937 5
761 875 926 939 moenibus
943 876 1034 940 urbis

172 973 315 1026 avertens
332 960 448 1024 faciem
465 959 602 1043 ‘procul‚
620 959 653 1023 51
671 960 782 1043 procul
800 960 919 1023 omina'
937 961 1018 1026 dixit

172 1047 261 1110 ‘talia
278 1047 310 1109 di
327 1046 460 1131 pellant3
477 1045 640 1127 multoque
658 1066 718 1129 ego
734 1044 847 1108 iustius
864 1068 980 1110 aevum

172 1133 246 1197 exul
263 1155 371 1217 agam,
390 1152 484 1214 quam
502 1153 553 1195 me
571 1130 699 1194 videant
717 1127 876 1215 Capitolia
892 1132 1023 1216 regem'

104 1237 155 1287 550
172 1219 251 1281 dixit
268 1230 299 1282 et
317 1217 473 1301 extemplo
490 1216 707 1300 populumque
723 1237 918 1299 gravemque
935 1229 1083 1283 senatum

172 1314 334 1367 convocat
378 1316 451 1365 ante
468 1312 574 1365 tamen
592 1301 694 1385 pacali
712 1323 830 1365 001555
846 1301 936 1365 lauro

172 1389 256 1453 velat
274 1399 305 1452 et
322 1386 492 1472 aggeribus
509 1386 600 1450 factis
618 1409 638 1449 5
654 1387 752 1450 5111115
769 1386 843 1450 forti

171 1473 286 1538 insistit
303 1473 469 1558 priscoque
487 1472 563 1536 deos
581 1494 598 1535 e
616 1493 703 1535 more
719 1482 866 1556 precatus

173 1559 248 1623 ‘est'
267 1558 311 1621 ait
328 1557 393 1621 ‘hic
410 1580 507 1632 unus,
524 1579 621 1640 quem
638 1579 695 1620 vos
711 1557 745 1620 ni
762 1557 877 1641 pellitis
894 1557 984 1634 urbe,

105 1664 155 1712 595
172 1668 229 1709 rex
246 1644 313 1708 erit
355 1643 383 1706 is
401 1642 456 1726 qui
473 1642 527 1720 sit,
545 1642 647 1727 signo,
664 1664 728 1706 non
745 1644 872 1707 nomine
889 1643 1009 1708 dicam:

172 1752 290 1794 cornua
307 1727 410 1791 fronte
427 1729 518 1812 gerit
562 1749 658 1810 quem
675 1728 765 1791 vobis
782 1728 901 1792 indicat
916 1751 1031 1814 augur,

173 1815 200 1878 si
216 1814 352 1878 Romam
368 1813 504 1888 intrarit,
522 1813 689 1877 famularia
705 1814 775 1876 1515
792 1813 950 1877 daturum.

172 1901 225 1963 ille
242 1899 370 1982 quidem
387 1899 489 1982 potuit
505 1910 613 1983 101155
629 1899 803 1983 irrumpere
821 1911 959 1983 apertast

174 1985 230 2049 sed
247 2005 304 2048 505
323 1984 510 2060 obstitimus,
528 1984 674 2066 quamvis
692 1984 888 2048 coniunctior
904 1985 958 2048 illo

106 2090 156 2138 600
172 2092 265 2134 55510
284 2069 361 2132 mihi
378 2079 434 2133 est.
477 2091 533 2133 vos
551 2069 631 2133 urbe
648 2069 749 2132 virum
767 2069 942 2154 prohibete,
960 2068 1114 2152 Quirites,

172 2156 237 2230 vel,
256 2156 283 2218 si
300 2156 415 2239 dignus
433 2154 505 2230 erit,
522 2155 673 2240 gravibus
691 2155 807 2219 vincite
825 2155 959 2220 catenis:

174 2251 229 2304 551
244 2240 332 2304 finite
349 2252 469 2304 metum
485 2240 589 2304 fatalis
607 2252 707 2304 morte
725 2241 870 2324 tyranni’

173 2325 279 2409 qualia
296 2325 477 2401 succinctis,
495 2326 550 2389 ubi
568 2338 641 2389 trux
658 2326 798 2389 insibilat
815 2349 920 2402 eurus,

174 2433 336 2474 murmura
352 2411 466 2496 pinetis
483 2410 576 2487 fiunt,
595 2422 650 2475 aut
667 2411 774 2493 qualia
789 2411 904 2477 fluctus

106 2516 156 2565 605
174 2496 322 2579 aequorei
338 2496 474 2572 iaciunt,
492 2497 518 2559 si
536 2497 606 2580 quis
623 2497 733 2581 procul
750 2497 859 2561 5511151
874 2497 959 2561 illos:

173 2583 236 2646 tale
254 2594 344 2645 50551
361 2582 507 2666 populus.
550 2581 607 2645 sed
623 2603 680 2666 per
698 2582 829 2645 confusa
846 2581 1010 2647 frementis

174 2667 272 2731 verba
288 2678 394 2730 tamen
411 2666 500 2751 vulgi
516 2688 579 2730 vox
597 2667 714 2731 eminet
730 2690 808 2731 una:
828 2668 912 2750 ‘quis
930 2667 983 2732 ille
1001 2666 1083 2733 est?'

174 2764 206 2816 et
222 2763 366 2837 spectant
382 2751 502 2816 frontes
520 2752 743 2836 praedictaque
761 2775 880 2816 cornua
896 2764 1064 2836 1155511151

173 2860 281 2901 rursus
299 2838 340 2901 ad
357 2837 413 2901 hos
434 2835 534 2921 Cipus
552 2844 662 2920 ‘quem
679 2837 827 2922 poscitis,’
845 2838 948 2921 inquit
966 2838 1120 2904 ι1151151151

106 2943 157 2991 610
174 2934 204 2986 51
223 2924 351 3007 dempta
368 2923 477 3022 051111,
494 2923 612 3007 101510
629 2923 831 3008 prohibente,
849 2945 966 2988 corona

175 3007 317 3072 exhibuit
333 3029 459 3093 gemmo
475 3009 655 3092 praesignia
671 3020 814 3093 tempora
831 3031 938 3074 cornu.

175 3093 327 3158 demisere
345 3093 452 3156 oculos
471 3115 580 3158 omnes
597 3094 814 3178 gemitumque
831 3094 946 3159 dedere

175 3190 270 3261 atque
287 3177 366 3242 illud
383 3178 501 3242 meritis
519 3179 639 3242 clarum
656 3179 786 3262 —quis
805 3180 932 3244 credere
948 3181 1068 3264 possit?
1083 3215 1126 3229 -

173 3263 264 3327 inviti
282 3262 389 3327 videre
406 3286 444 3327 ca
467 3275 517 3327 ut:
534 3286 593 3328 nec
611 3263 730 3328 honore
747 3286 854 3329 carere

106 3367 155 3416 615
173 3348 304 3412 51151155
321 3349 421 3432 15551,
439 3287 554 3448 lictum
570 3349 749 3434 imposuere
767 3371 925 3414 coronam.

174 3445 207 3498 at
224 3455 385 3518 proceres,
403 3455 552 3516 quomam
572 3456 679 3497 muros
695 3435 811 3500 intrare
829 3435 955 3512 vetaris,

173 3520 255 3583 ruris
272 3518 416 3582 honorati
433 3530 556 3583 tantum
574 3520 645 3593 tibi,
665 3517 760 3604 Cipo,
779 3520 905 3598 dedere,

174 3616 328 3688 quantum
347 3604 495 3689 depresso
515 3604 662 3668 subiectis
681 3605 783 3669 bobus
801 3617 905 3670 aratro

175 3689 341 3775 complecti
358 3711 467 3774 posses
485 3690 526 3754 ad
545 3689 638 3753 finem
654 3690 734 3754 lucis
752 3692 794 3755 ab
811 3703 892 3755 ortu.

106 3796 156 3845 610
173 3796 353 3857 cornuaque
370 3775 483 3840 aeratis
500 3775 613 3838 miram
629 3775 797 3839 referentia
813 3776 949 3842 formam

172 3860 314 3946 postibus
332 3860 527 3944 insculpunt,
545 3860 675 3945 longum
694 3883 842 3925 mansura
858 3884 916 3946 per
933 3885 1059 3929 aevum.

215 3944 352 4009 Pandite
365 3967 460 4021 nunc,
473 3944 599 4020 Musae,
618 3946 796 4028 praesentia
808 3947 940 4012 numina
953 3961 1064 4013 vatum
1099 3950 1187 4029 ΑΜ·

173 4029 274 4113 (501115
292 4029 391 4105 55151,
409 4052 542 4095 550105
559 4029 640 4093 fallit
657 4032 795 4180 51111055
812 4035 978 4119 15155155),
1101 4021 1186 4089 ΜΡΝ*

174 4116 259 4185 unde
277 4112 459 4185 Coroniden
476 4115 660 4184 circumflua
727 4117 848 4208 ybridis
865 4117 921 4186 alti
