2574 4478
223 245 590 305 METAMORPHOSEON
607 247 679 303 LIB.
698 247 762 305 VII.
783 246 926 305 174-261.
1021 231 1081 300 111

61 393 121 438 neo
138 369 258 436 frustra
275 372 438 437 volucrum
456 383 574 437 tractus
593 372 714 438 cervice
732 372 904 436 draconum

61 481 174 524 currus
192 457 301 522 adest!
345 459 455 523 aderat
472 458 626 523 demissus
645 458 685 522 ab
704 458 829 523 aethere
847 479 967 522 currus.

61 566 126 629 quo
145 543 239 608 simul
257 545 398 608 ascendit
415 544 600 628 frenataque
618 543 698 608 oolla
716 545 888 608 draconum
1101 565 1151 615 220

59 629 228 716 permulsit
245 630 454 714 manibusque
471 630 556 694 leves
575 630 706 713 agitavit
722 629 872 706 habenas,

60 715 207 780 sublimis
224 715 344 797 rapitur
362 715 566 798 subiectaque
584 715 738 780 Thessala
755 714 876 800 Tempe

61 800 211 885 despicit:
237 801 329 866 aeriis
347 801 530 887 regionibus
549 801 688 886 applicat
705 824 836 885 angues,

60 898 93 952 et
111 908 191 968 quas
210 885 295 950 Ossa
312 887 398 960 tulit,
415 907 495 969 quas
513 887 610 949 altum
628 884 741 949 Pelion
759 885 883 960 herbas,

59 992 142 1052 quas
161 967 283 1054 Othrys
300 970 487 1054 Pindusque
505 982 536 1035 et
553 970 657 1034 Pindo
675 970 775 1034 maior
793 969 963 1055 Olympus,
1101 994 1150 1044 225

59 1059 214 1142 perspicit
231 1066 263 1120 et
280 1056 411 1139 placitas
429 1055 542 1140 partim
561 1056 666 1120 radice
683 1056 816 1133 revellit,

57 1142 177 1227 partim
195 1141 329 1205 succidit
346 1141 527 1206 curvamine
545 1141 634 1205 falcis
652 1146 759 1206 a‘e'nae.

59 1227 163 1291 multa
180 1246 307 1310 quoque
325 1227 466 1311 Apidani
483 1227 671 1327 placuerunt
687 1226 831 1311 gramina
848 1227 934 1312 ripis,

57 1314 163 1377 multa
179 1333 306 1395 quoque
324 1312 514 1397 Amphrys13
532 1333 635 1395 neque
653 1335 722 1376 eras
740 1312 904 1389 immunis,
922 1312 1059 1400 Enipeu,

57 1420 121 1463 nec
138 1418 202 1461 non
219 1396 347 1466 Pondus
363 1420 422 1462 nec
439 1420 504 1462 non
522 1395 731 1483 Spercheides
749 1398 853 1462 undae
1100 1422 1150 1472 230

59 1483 260 1550 contribuere
278 1482 397 1565 aliquid
413 1483 606 1565 iuncosaque
624 1484 716 1548 litora
733 1484 868 1548 Boebes.

59 1569 179 1654 carpsit
196 1579 228 1633 ot
245 1567 390 1632 Euboica
407 1568 502 1632 vivax
519 1569 710 1633 Anthedone
728 1592 868 1654 gramen,

56 1654 203 1720 nondum
219 1664 341 1717 mutato
359 1653 524 1739 vulgatum
542 1675 673 1738 corpore
692 1652 818 1720 Glauci.

58 1740 174 1806 etiam
190 1760 275 1804 nona
292 1739 360 1803 dies
378 1762 472 1803 curru
489 1739 663 1824 pennisque
682 1741 852 1804 draconum

56 1847 209 1909 nonaque
225 1845 289 1889 nox
307 1847 415 1889 omnes
433 1827 618 1890 lustrantem
635 1827 757 1890 viderat
774 1848 878 1912 agros,

58 1935 135 1978 cum
152 1911 254 1975 rediit.
296 1931 400 1994 neque
418 1921 508 1975 erant
526 1911 615 1988 tacti,
633 1911 694 1976 nisi
711 1912 821 1989 odore,
840 1913 1006 1980 dracones:

58 2009 91 2063 et
110 2008 218 2061 tamen
234 2019 372 2060 annosae
389 1996 504 2082 pellem
521 2019 654 2083 posuere
672 2009 826 2063 senectae.

59 2082 202 2149 constitit
219 2082 389 2146 adveniens
407 2082 485 2146 citra
502 2082 661 2166 limenque
678 2083 825 2166 foresque

59 2180 91 2235 et
109 2178 234 2233 tantum
251 2168 338 2232 caelo
357 2167 483 2253 tegitur,
500 2167 681 2252 refugitque
699 2169 803 2233 viriles

58 2263 240 2330 contactus,
258 2253 428 2336 statuitque
446 2276 516 2317 aras
533 2277 550 2318 e
569 2254 706 2339 caespite
723 2253 824 2328 binas,

58 2338 237 2405 dexteriore
254 2339 407 2414 Hecates,
425 2349 473 2402 ast
489 2339 581 2403 laeva
598 2350 687 2423 parte
704 2339 867 2405 Iuventae.

57 2426 119 2490 has
135 2424 192 2488 ubi
209 2424 355 2489 verbenis
372 2423 512 2508 silvaque
530 2423 662 2488 incinxit
678 2424 805 2509 agresti,

57 2511 147 2576 haud
164 2509 274 2595 procul
292 2518 400 2594 egesta
416 2509 580 2574 scrobibus
599 2510 709 2575 tellure
727 2510 851 2574 duabus

58 2618 151 2661 sacra
168 2594 245 2660 facit
262 2596 443 2678 cultrosque
459 2596 493 2658 in
510 2606 640 2680 guttura
657 2595 781 2660 velleris
804 2595 864 2660 atri

59 2681 177 2748 conicit
194 2691 226 2745 et
242 2681 366 2768 patulas
383 2679 545 2764 perfundit
562 2680 716 2766 sanguine
734 2680 845 2745 fossas.

58 2781 129 2832 tum
147 2788 243 2851 super
259 2766 427 2851 invergens
445 2766 556 2850 liquidi
573 2767 733 2831 carchesia
750 2766 907 2832 mellis...

59 2875 219 2938 aereaque
239 2850 409 2936 invergens
419 2851 526 2936 ,tepidi
544 2851 705 2916 carchesia
722 2851 812 2916 lactis

58 2939 159 3005 verba
176 2937 270 3002 simul
287 2936 369 3002 fudit
387 2948 573 3020 terrenaque
590 2938 722 3001 numina
740 2937 815 3002 civit

58 3024 309 3105 umbrarumque
327 3034 419 3107 rogat
436 3034 527 3107 rapta
545 3044 617 3086 cum
636 3022 769 3108 coniuge
787 3046 905 3108 regem,

58 3133 99 3174 ne
117 3119 287 3256 properent
304 3119 391 3172 artus
409 3108 514 3172 anima
531 3108 677 3172 fraudare
695 3108 795 3172 senili.

58 3216 140 3278 quoa
157 3216 180 3257 u
203 3192 214 3255 i
231 3192 368 3277 placavit
386 3192 595 3277 precibusque
612 3203 643 3258 et
659 3216 820 3258 murmure
837 3195 944 3279 longo,

57 3279 199 3345 Aesonis
217 3278 347 3342 effetum
365 3277 498 3363 proferri
517 3301 631 3364 corpus
649 3280 690 3343 ad
708 3303 800 3343 auras
853 3329 857 3340 .

57 3366 164 3441 iussit,
183 3364 264 3428 etin
281 3363 392 3448 plenos
409 3364 581 3428 resolutum
600 3364 737 3428 carmine
755 3387 882 3428 somnos

59 3448 198 3516 exanimi
216 3449 349 3514 similem
368 3448 472 3513 stratis
489 3451 629 3534 porrexit
645 3451 679 3513 in
696 3450 810 3514 herbis.

57 3537 132 3602 hinc
148 3534 259 3621 procul
277 3535 474 3611 Aesoniden,
493 3536 602 3620 procul
620 3535 693 3599 hinc
709 3535 798 3599 iubet
814 3535 859 3600 ire
876 3534 1035 3601 ministros
1097 3557 1146 3606 255

58 3635 89 3686 et
105 3631 217 3685 monet
234 3619 355 3685 arcanis
373 3621 482 3684 oculos
499 3643 660 3684 removere
677 3621 837 3705 profanos.

57 3708 136 3772 diffu
164 3705 233 3770 ‘unt
249 3705 336 3770 iussi.
367 3705 481 3854 passis
499 3704 618 3770 Medea
636 3706 755 3790 capillis

57 3793 135 3858 bacc
161 3802 270 3855 autum
288 3791 351 3854 ritu
391 3801 537 3875 agrantes
555 3790 666 3855 circuit
683 3814 762 3868 aras,

54 3876 293 3958 multifidasque
310 3876 396 3941 faces
413 3877 445 3940 in
464 3876 549 3940 fossa
567 3876 730 3960 sanguinis
748 3888 815 3941 atra

54 3963 174 4051 tinguit
192 3972 224 4028 et
240 3960 388 4025 intinctas
405 3960 540 4047 geminis
558 3961 702 4026 accendit
718 3962 751 4025 in
770 3961 845 4026 aris:
1094 3985 1145 4040 260

51 4062 167 4137 terque
185 4069 295 4114 senem
311 4047 453 4125 flamma,
472 4057 519 4112 ter
537 4069 633 4131 aqua,
651 4058 699 4113 ter
716 4047 865 4134 sulphure
883 4049 1004 4114 lustrat.
