2574 4478
225 299 588 361 METAMORPHOSEON
607 303 681 358 LIB.
697 303 749 358 XI.
768 303 911 360 668-755.
1020 288 1081 356 197

58 421 199 506 dumque
217 435 358 490 moratur
374 424 433 500 ibi,
452 425 591 510 dumque
609 426 675 490 ‘hic
692 427 865 491 retinacula
882 427 986 506 solvit,

58 510 120 573 hoc
136 508 215 573 mihi
233 509 397 574 discedens
416 510 503 575 dedit
521 511 630 576 oscula
646 511 750 576 litore'
769 511 855 587 dicit,

57 589 211 688 [dumque
228 600 336 654 notata
353 589 430 654 locis
447 587 657 653 reminiscitur
675 597 746 652 acta
762 583 956 672 fretumque]

57 684 221 773 prospicit:
241 671 279 737 in'
291 672 426 755 liquida,
445 672 546 758 spatio
564 672 715 748 distante,
733 681 840 736 tuetur
1099 688 1148 740 715

57 780 164 824 nescro
183 756 261 839 quid
278 757 370 840 quasi
388 778 501 842 corpus
519 778 613 840 aqua.
657 756 835 842 primoque,
854 756 930 840 quid
947 756 1025 820 illud

58 853 155 921 esset,
174 854 241 907 erat
259 842 407 919 dubium;
425 853 594 927 postquam
611 843 743 927 paulum
760 841 882 928 appulit
898 841 994 920 unda,

57 939 89 992 et
106 928 253 1011 quamvis
270 928 393 1002 aberat,
411 949 525 1011 corpus
543 938 650 991 tamen
668 949 736 992 esse
752 926 903 1010 liquebat,

57 1014 113 1096 qui
130 1013 226 1091 foret,
243 1013 408 1099 ignorans,
427 1013 502 1096 quia
518 1012 707 1098 naufragus,
725 1013 830 1077 omine
847 1022 934 1078 mota
950 1023 1008 1090 est,
1025 1015 1028 1021 ’

57 1110 264 1183 ettamquam
277 1099 386 1184 ignoto
403 1098 566 1163 lacrimam
584 1098 683 1174 daret,
702 1097 793 1163 ‘heul
811 1097 926 1175 miser‚’
944 1096 1047 1181 inquit
1098 1118 1148 1168 770

57 1185 217 1268 ‘quisquis
236 1207 283 1258 es,
302 1183 378 1249 etsi
396 1195 524 1268 quaest
542 1185 681 1248 coniunx
698 1183 784 1248 tibil’
803 1184 951 1249 fluctibus
970 1194 1076 1249 actum

57 1269 93 1332 fit
110 1269 241 1369 propius
259 1291 383 1355 corpus.
427 1269 513 1352 quod
530 1290 594 1352 quo
611 1270 715 1355 magis
732 1270 787 1333 illa
803 1280 918 1347 tuetur,

56 1353 118 1418 hoc
135 1377 240 1418 mmua
258 1366 290 1419 et
306 1354 411 1418 minus
429 1365 478 1419 est
494 1354 618 1418 mentis.
661 1354 869 1438 iamiamque
887 1353 1083 1440 propinquae

57 1439 221 1503 admotum
238 1450 354 1517 terrae,
371 1440 436 1504 iam
453 1439 538 1523 quod
557 1461 593 1505 co
640 1461 747 1505 oscere
764 1451 880 1525 posset,

56 1525 171 1589 cernit:
191 1536 258 1588 erat
276 1525 427 1590 coniunx!
463 1526 530 1590 ‘ille
548 1537 595 1590 est
616 1525 624 1552 '
643 1525 799 1590 exclamat
816 1536 847 1590 et
865 1549 929 1590 una
1099 1545 1148 1594 775

55 1631 114 1674 ora
131 1632 237 1674 comas
256 1623 376 1676 vestem
393 1612 525 1688 lacerat,
543 1611 738 1694 tendensque
756 1623 924 1677 trementes

56 1694 100 1760 ad
118 1692 227 1781 Ceyca
244 1719 357 1760 manus
376 1696 448 1772 ‘sic‚
467 1718 486 1760 ο
505 1696 664 1762 carissime
683 1696 830 1772 coniunx,

56 1781 104 1844 sic
121 1781 162 1844 ad
179 1804 245 1858 me,
263 1782 454 1858 miserande,
471 1782 587 1846 redist’
606 1781 659 1846 ait.
704 1783 826 1848 adiacet
844 1782 936 1847 undis

55 1867 143 1931 sacta
160 1889 258 1931 manu
274 1868 389 1944 moles,
407 1889 491 1951 quae
508 1867 625 1953 primas
644 1869 789 1953 aequoris
806 1869 870 1932 iras

55 1951 177 2036 frangit
194 1962 226 2016 et
242 1953 386 2017 incursus
405 1973 486 2036 quae
505 1953 719 2037 praedelassat
736 1975 900 2036 aquarum.

56 2037 154 2102 insilit
171 2038 244 2101 huo.
287 2038 466 2120 mirumque
483 2037 544 2101 fuit
562 2039 716 2123 potuisse:
735 2038 876 2116 volabat3

55 2122 301 2208 percutiensque
317 2124 421 2187 levem
439 2123 533 2187 modo
551 2123 632 2187 natis
650 2129 724 2189 ae'ra
740 2123 863 2209 pennis,

57 2208 235 2293 stringebat
252 2231 393 2272 summas
411 2209 476 2272 ales
493 2208 680 2272 miserabilis
697 2210 809 2273 undas.

58 2293 200 2375 dumque
218 2295 317 2371 volat,
335 2304 455 2358 maesto
474 2293 608 2358 similem
625 2293 818 2379 plenumque
837 2295 984 2377 querelae

57 2401 114 2442 ora
132 2379 248 2444 dedere
266 2401 378 2444 sonum
395 2379 483 2445 tenui
501 2378 686 2464 crepitantia
703 2391 813 2444 rostro.

56 2474 94 2527 ut
111 2486 188 2529 vero
206 2465 308 2550 tetigit
325 2476 449 2530 mutum
467 2475 499 2530 et
517 2464 583 2529 sine
602 2465 756 2548 sanguine
773 2486 897 2550 corpus,

57 2549 190 2614 dilectos
207 2562 294 2614 artus
313 2551 458 2636 amplexa
475 2550 654 2614 recentibus
673 2550 741 2626 alia,

57 2634 177 2720 frigida
193 2637 289 2719 nequi
312 2659 387 2700 uam
405 2637 484 2699 duro
502 2636 588 2700 dedit
606 2636 715 2700 oscula
731 2645 842 2700 rostro.

58 2721 192 2785 senserit
208 2721 270 2786 hoc
288 2657 394 2806 gest,
413 2745 455 2785 an
472 2722 594 2785 vultum
612 2720 750 2786 motibus
768 2721 873 2786 undae

57 2806 167 2871 tollere
185 2806 225 2870 sit
242 2807 343 2884 visus,
359 2807 497 2892 populus
515 2807 694 2871 dubitabatz
712 2807 814 2871 atille

58 2901 209 2956 senserat.
254 2903 286 2957 et
302 2892 431 2957 tandem
463 2892 585 2977 superis
603 2891 825 2957 miserantibus
858 2893 952 2957 ambo

58 2977 132 3042 alite
150 2987 321 3042 mutantur.
366 2977 439 3042 fatis
459 2977 615 3042 obnoxius
631 2977 733 3042 isdem

57 3073 135 3127 tunc
152 3084 279 3146 quoque
298 3064 413 3128 mansit
431 3085 519 3128 amor
546 3084 606 3127 nec
623 3063 800 3148 coniugiale
819 3064 957 3128 solutum

56 3147 171 3214 foedus
188 3148 221 3212 in
239 3149 375 3213 alitibus.
420 3159 535 3213 coeunt
551 3148 694 3232 fiuntque
711 3159 871 3234 parentes:

57 3255 179 3334 perque
197 3235 263 3299 dies
280 3234 421 3320 placidos
439 3234 571 3298 hiberno
589 3244 729 3319 tempore
747 3246 869 3318 septem

56 3319 188 3383 moubat
205 3321 351 3405 Alcyone
368 3319 578 3405 pendentibus
597 3340 733 3402 aequore
750 3320 842 3384 nidis.

57 3419 134 3468 tunc
152 3404 204 3469 via
221 3416 289 3470 tuta
307 3407 402 3470 maris
408 3430 417 3483 ;
435 3416 545 3470 ventos
564 3405 701 3470 custodit
718 3416 750 3470 et
767 3416 853 3470 arcet

57 3489 180 3554 Aeolus
199 3513 327 3575 egressu
346 3500 547 3576 praestatque
565 3491 733 3575 nepotibus
751 3513 879 3574 aequor.

99 3576 171 3640 Hos
189 3577 301 3660 aliquis
320 3577 423 3641 senior
434 3577 568 3642 iunctim
576 3575 658 3640 freta
674 3577 739 3641 lata
756 3578 898 3642 volantes
1021 3595 1146 3653 Anam&

57 3672 179 3746 spectat
197 3673 227 3726 et
245 3662 287 3726 ad
304 3662 399 3726 finem
418 3672 557 3727 servatos
574 3661 684 3726 laudat
702 3683 834 3727 amores.
1102 3684 1151 3733 750

56 3747 220 3831 proximus
238 3745 308 3828 (aut
324 3747 423 3824 idem,
442 3748 468 3812 si
485 3747 551 3811 fors
569 3746 655 3830 tulit)
674 3745 740 3812 ‘hic
757 3748 905 3833 quoque,’
924 3749 1003 3813 dixit

57 3839 168 3915 ‘quem
186 3854 273 3896 mare
291 3844 472 3916 carpentem
490 3831 722 3916 substrictaque
740 3855 831 3897 crura
848 3846 1011 3919 gerentem

57 3917 192 4001 aspicis‚'
210 3916 394 3999 (ostendens
412 3918 585 4003 spatiosum
601 3918 635 3981 in
652 3927 783 4003 guttura
800 3920 960 4006 mergum)

56 4002 159 4087 ‘regia
175 4003 352 4088 progenies.
397 4015 429 4069 et
447 4004 473 4067 si
491 4003 681 4069 descendere
700 4004 741 4067 ad
758 4004 863 4090 ipsum

55 4088 165 4156 ordine
182 4098 336 4178 perpetuo
354 4089 493 4177 quaeris:
511 4100 585 4156 sunt
602 4091 670 4157 Ilus
687 4090 777 4182 origo
