2574 4478
158 259 219 323 146
490 270 523 324 Ρ.
543 269 667 327 OVIDII
684 266 845 326 NASONIS

156 396 291 480 “accipe
309 417 359 459 me
376 393 560 479 generum‚”
579 393 645 458 dixi
662 393 866 458 “Parthaone
884 390 998 457 nate:”

157 481 237 544 dixit
255 491 285 543 et
302 480 441 544 Alcides.
486 479 539 543 alii
556 501 679 544 cessere
697 479 830 543 duobus.

155 566 209 630 ille
225 566 335 630 Iovem
353 587 497 630 socerum
516 565 590 630 dare
609 589 656 642 se,
674 562 855 647 famamque
873 563 1029 639 laborum,

107 669 138 718 15
157 663 188 715 et
206 662 353 736 superata
371 673 446 715 suae
464 651 621 716 referebat
637 650 722 714 iussa
739 671 903 714 novercae.

157 748 266 801 contra
284 758 343 821 ego
362 743 479 820 “turpe
499 735 594 800 deum
611 735 735 800 mortali
753 735 887 801 cedere'’
907 735 974 798 dixi

157 820 312 904 (nondum
330 832 396 886 erat
413 822 465 885 ille
483 821 590 905 deus):
615 827 749 906 “regem
768 844 819 886 me
837 820 939 886 cernis
957 841 1112 903 aquarum

158 907 301 972 cursibus
319 907 454 990 obliquis
472 907 554 971 inter
570 917 626 970 tua
642 929 741 992 regna
758 908 920 971 fluentum.

156 1015 216 1058 nec
232 1014 330 1078 gener
348 991 483 1057 externis
500 993 615 1076 hospes
633 992 691 1056 tibi
708 992 822 1056 missus
840 991 881 1055 ab
898 991 973 1069 oris,

107 1098 140 1147 20
158 1078 214 1145 sed
231 1079 391 1164 popularis
409 1100 463 1142 ero
480 1088 512 1142 et
528 1101 633 1142 rerum
651 1100 724 1162 pars
742 1101 806 1142 una
822 1088 960 1142 tuarum.

157 1174 280 1230 tantum
298 1187 338 1228 nc
355 1174 481 1240 noceat,
499 1163 584 1247 quod
601 1186 652 1228 me
670 1185 729 1227 nec
746 1163 834 1248 regia
850 1163 933 1226 Iuno

157 1250 237 1328 odit,
255 1260 286 1315 et
303 1249 404 1314 omnis
422 1249 513 1314 abest
528 1248 685 1313 iussorum
702 1270 805 1334 poena
822 1249 977 1312 laborum.

156 1359 245 1412 nam,
263 1357 326 1418 quo
345 1345 376 1399 te
393 1334 505 1410 iactas,
523 1334 680 1399 Alcmena
696 1346 784 1411 nate,
803 1345 954 1405 creatum,

157 1420 310 1506 Iuppiter,
330 1431 385 1484 aut
401 1419 500 1484 falsus
518 1431 608 1504 pater
625 1430 673 1485 est
690 1432 745 1484 aut
762 1419 892 1484 crimine
910 1440 1015 1485 verus.

106 1526 138 1576 25
157 1507 266 1571 matris
284 1506 438 1571 adulterio
456 1518 579 1590 patrem
594 1505 686 1590 petis.
731 1505 826 1591 elige,
843 1506 955 1569 fictum

117 1667 120 1670 Α
157 1614 226 1658 esse
243 1593 353 1657 Iovem
370 1592 476 1668 malis,
495 1614 536 1655 an
553 1602 585 1656 te
602 1614 659 1677 per
677 1591 814 1656 dedecus
832 1589 967 1656 ortum.’'

156 1677 233 1742 talia
250 1677 406 1742 dicentem
422 1676 607 1741 iamdudum
625 1677 743 1741 lumine
761 1686 850 1741 torvo

158 1774 279 1848 spectat
296 1774 328 1827 et
344 1784 494 1827 accensae
512 1784 576 1827 non
592 1762 714 1827 fortiter
731 1763 865 1847 imperat
881 1762 957 1839 irae,

158 1848 318 1932 verbaque
336 1859 383 1913 tot
398 1847 515 1913 reddit:
534 1848 670 1912 “melior
687 1847 765 1912 mihi
783 1849 912 1913 dextera
928 1848 1048 1932 lingua.

107 1953 140 2003 30
158 1933 328 1998 dummodo
345 1933 517 2019 pugnando
535 1956 695 2019 superem,
713 1945 747 1997 tu
766 1934 856 1999 vince
873 1933 1057 2016 loquendc’'

158 2019 425 2105 congrediturque
443 2020 543 2084 ferox.
586 2019 701 2105 puduit
717 2019 811 2084 modo
828 2042 946 2106 magna
962 2019 1106 2084 locutum

158 2104 283 2170 cedere:
301 2105 396 2170 reieci
412 2104 546 2169 viridem
564 2105 603 2170 de
621 2126 750 2190 corpore
768 2117 888 2170 vestem

157 2190 367 2274 bracchiaque
385 2190 518 2275 opposui
535 2191 685 2273 tenuique
703 2214 723 2254 a
739 2202 866 2276 pectore
884 2212 976 2255 varas

156 2275 190 2340 in
208 2276 342 2341 statione
359 2298 486 2353 manus,
506 2287 537 2341 et
554 2298 682 2375 pugnae
699 2277 841 2341 membra
857 2275 978 2362 paravi.

107 2379 139 2427 35
157 2361 209 2425 ille
227 2362 313 2426 cavis
330 2362 443 2425 hausto
462 2373 583 2447 spargit
598 2384 650 2425 me
667 2363 797 2446 pulvere
814 2362 938 2448 palmis,

156 2446 253 2530 inque
271 2447 374 2512 vicem
390 2446 497 2512 fulvae
515 2457 602 2511 tactu
615 2447 759 2513 flavescit
776 2449 922 2513 harenae.

157 2544 189 2596 et
205 2533 300 2597 modo
317 2532 487 2609 cervicem,
505 2533 599 2596 modo
617 2554 709 2598 crura
725 2533 875 2598 micantia
891 2543 1008 2619 captat,

158 2629 213 2683 aut
230 2629 356 2703 captare
374 2630 480 2703 putes,
499 2619 647 2701 omnique
665 2630 791 2704 aparte
808 2619 942 2685 lacessit.

157 2727 208 2768 me
225 2726 296 2768 mea
313 2703 454 2768 defendit
470 2703 624 2789 gravitas,
641 2703 822 2788 frustraque
840 2705 985 2790 petebat:

105 2808 140 2856 4ο
159 2788 244 2852 haud
262 2810 353 2854 secus
370 2811 408 2853 ac
424 2790 538 2865 moles,
556 2811 652 2873 quam
669 2813 785 2876 magno
819 2813 981 2856 murmure
998 2791 1113 2856 fluctus

157 2885 356 2959 oppugnant:
374 2885 480 2940 manet
497 2876 551 2938 illa
568 2897 688 2958 suoque
706 2887 754 2940 est
770 2877 909 2961 pondere
927 2886 1006 2942 tuta.

157 2960 351 3045 digredimur
367 2961 497 3045 paulum
514 2982 686 3043 rursusque
704 2961 745 3025 ad
762 2961 845 3026 bella
863 2961 994 3040 coimus,

155 3044 251 3128 inque
269 3045 371 3130 gradu
390 3045 548 3123 stetimus,
567 3047 643 3111 certi
660 3069 724 3110 non
742 3047 853 3112 cedere
859 3072 868 3124 ;
887 3059 1017 3131 eratque

156 3153 229 3195 cum
246 3131 327 3216 pede
345 3153 401 3215 pes
419 3130 559 3208 iunctus,
577 3143 706 3215 totoque
725 3155 784 3218 ego
801 3143 928 3218 pectore
946 3155 1063 3217 pronus

105 3236 137 3284 45
156 3226 187 3280 et
204 3216 319 3300 digitos
338 3216 444 3300 digitis
461 3228 493 3282 et
509 3216 645 3282 frontem
663 3217 766 3283 fronte
784 3218 976 3304 premebam.

155 3324 219 3365 non
237 3301 326 3365 aliter
343 3302 407 3365 vidi
425 3301 522 3367 fortes
541 3325 726 3368 concurrere
744 3315 861 3382 tauros,

156 3410 227 3452 cum
246 3387 381 3471 pretium
399 3410 526 3472 pugnae
544 3399 611 3452 toto
628 3387 816 3454 nitidissima
833 3390 915 3454 saltu

155 3473 312 3557 expetitur
329 3473 476 3536 coniunx.
521 3485 663 3559 spectant
681 3486 822 3540 armenta
839 3486 1030 3560 paventque,

154 3558 281 3634 nescia,
293 3580 388 3641 quem
406 3569 533 3631 maneat
549 3560 628 3623 tanti
645 3559 777 3624 victoria
794 3561 895 3646 regni.

104 3663 137 3712 5ο
155 3654 202 3707 ter
219 3644 286 3708 sine
304 3642 448 3728 profectu
467 3644 567 3708 voluit
584 3644 716 3710 nitentia
733 3657 842 3711 contra

153 3727 270 3793 reicere
288 3728 419 3793 Alcides
438 3753 457 3793 a
474 3753 508 3794 se
526 3752 597 3794 mea
614 3742 755 3815 pectora:
774 3742 887 3815 quarto

154 3813 273 3878 excutit
291 3815 454 3898 amplexus
473 3815 672 3898 adductaque
690 3817 838 3881 bracchia
855 3818 962 3883 solvit:

153 3897 388 3983 impulsumque
406 3922 502 3964 manu
519 3936 563 3946 —
580 3913 700 3966 certum
718 3919 766 3967 est
782 3902 859 3965 mihi
878 3926 954 3968 vera
971 3902 1064 3969 fateri
1079 3939 1126 3954 ·-·

153 3983 296 4069 protinus
314 3985 440 4061 avertit,
458 3997 610 4072 tergoque
629 4008 778 4052 onerosus
796 3987 940 4053 inhaesit.

102 4089 135 4141 55
152 4069 180 4136 si
197 4091 261 4155 qua
277 4068 356 4134 fides
374 4067 492 4155 (neque
510 4071 593 4137 enim
611 4072 686 4138 ficta
702 4072 779 4137 mihi
796 4074 899 4159 gloria
916 4096 995 4141 vocc
