2574 4478
175 224 240 289 228
508 235 544 292 Ρ.
561 236 687 293 OVIDII
702 235 866 292 NASONIS

176 360 349 426 auxilinm?
364 383 460 446 quem
477 360 563 428 dicta
580 382 638 425 suo
655 359 696 425 de
712 360 840 425 nomine
857 361 950 426 tellus

175 447 305 511 Andros
321 447 419 513 habet
434 469 493 533 pro
510 458 601 532 patre
617 447 786 529 locumque
804 458 837 511 et
852 469 953 532 regna
969 457 1132 513 tenentem.

175 531 290 597 Delius
307 534 476 618 augurium
494 532 581 597 dedit
597 532 681 596 huic.
725 532 812 596 dedit
828 533 928 597 altera
943 531 1043 598 Liber

108 638 158 688 650
175 617 331 684 femineae
348 618 438 704 stirpi
455 629 529 683 voto
545 618 667 682 maiora
681 617 810 702 fideque

174 725 316 769 munera.
358 728 434 769 nam
450 715 538 768 tactu
554 716 701 768 natarum
717 714 834 768 cuncta
849 726 992 768 mearum

174 789 209 853 in
226 801 366 874 segetem
382 790 571 872 laticemque
588 789 667 853 meri
693 810 856 874 canaeque
877 789 1043 857 Minervae

175 875 491 952 transformabantur,
509 875 660 958 divesque
678 886 747 940 erat
761 897 839 939 usus
855 875 890 938 in
906 875 979 940 illis.

176 959 236 1025 hoc
253 960 310 1024 ubi
326 962 475 1046 cognovit
491 960 607 1025 Troiae
624 960 793 1045 populator
809 960 950 1037 Atrides,

109 1066 158 1115 666
175 1069 217 1111 ne
233 1067 298 1110 non
314 1068 355 1111 ex
371 1047 479 1130 aliqua
496 1057 633 1111 vestram
651 1045 787 1111 sensisse
803 1047 974 1131 procellam

174 1154 234 1196 nos
252 1153 380 1216 quoque
396 1144 486 1217 parte
503 1144 611 1217 putes,
628 1153 787 1195 armorum
804 1131 924 1197 viribus
941 1155 1018 1198 usus

176 1217 331 1282 abstrahit
347 1218 461 1282 invitas
478 1218 600 1302 gremio
617 1217 783 1302 genitoris,
800 1217 959 1301 alantque,

176 1303 322 1388 imperat,
339 1303 524 1388 Argolicam
541 1302 668 1367 caelesti
684 1325 815 1368 munere
832 1304 974 1368 classem.

176 1388 333 1473 effugiunt
349 1410 413 1472 quo
430 1409 576 1472 quaeque
592 1400 711 1473 potest:
728 1387 864 1452 Euboea
880 1388 1015 1466 duabus,

109 1493 159 1543 660
177 1484 207 1539 et
225 1474 356 1539 totidem
372 1474 455 1538 uatis
472 1474 602 1538 Andros
618 1473 758 1538 fraterna
773 1473 872 1559 petita
888 1486 946 1539 est.

176 1558 266 1623 miles
284 1559 375 1624 adest
391 1571 438 1636 et,
454 1559 488 1623 ni
505 1559 672 1635 dedantur,
688 1559 773 1624 bella
789 1559 937 1625 minatur.

176 1645 262 1709 victa
278 1656 365 1709 metu
381 1646 483 1730 pictas
501 1644 658 1709 consortia
673 1665 807 1728 corpora
819 1667 942 1730 poenae

176 1729 305 1795 dedidit
350 1741 381 1796 et
397 1730 508 1796 timido
525 1730 628 1815 possis
644 1730 654 1792 i
701 1752 808 1795 oscere
824 1730 928 1795 fratria

175 1837 241 1879 non
256 1814 308 1880 hic
326 1815 468 1891 Aeneas,
485 1837 564 1891 uon,
582 1815 638 1899 qui
677 1815 838 1880 efendcret
853 1817 999 1896 Andron,

109 1918 158 1968 666
176 1899 299 1965 Hector
316 1911 397 1976 erat,
414 1923 471 1985 per
482 1923 578 1984 quem
586 1900 745 1966 decimum
762 1901 898 1966 durastis
914 1902 949 1966 in
966 1927 1095 1969 mum.

175 1985 302 2069 iamque
320 1987 514 2070 parabantur
530 1985 664 2071 captivis
680 1987 786 2051 vincla
801 1987 941 2052 lacertis:

175 2069 248 2135 illae
266 2071 411 2136 tollentes
429 2072 607 2137 etiamnunc
619 2071 718 2136 bbere
735 2073 823 2137 caelo

176 2155 325 2221 bracchia
341 2156 495 2223 “Bacche
511 2169 612 2243 pater,
629 2157 678 2222 fer
695 2157 827 2242 opeml''
846 2158 963 2224 dixere.
1008 2159 1134 2245 tulitque

175 2241 316 2307 muueris
333 2254 444 2308 auctor
460 2265 568 2328 opem:
587 2243 614 2307 si
631 2243 711 2307 miro
727 2244 859 2329 perdere
876 2266 964 2310 more

109 2345 159 2395 670
176 2328 259 2392 ferre
276 2339 408 2392 vocatur
424 2350 528 2414 opem
570 2350 631 2393 uec
647 2351 712 2413 qua
728 2329 850 2394 ratione
867 2330 1003 2415 figuram
1124 2410 1127 2417 Ι

175 2413 383 2497 perdiderint,
400 2414 491 2499 potui
507 2414 587 2479 scire
605 2426 660 2479 aut
676 2436 762 2479 nunc
779 2415 883 2480 dicere
899 2437 1045 2501 possum;

177 2521 301 2562 summa
317 2498 393 2562 m'ali
409 2510 485 2563 nota
502 2510 563 2564 est:
582 2523 702 2584 pennas
721 2522 883 2585 sumpsere
899 2512 1038 2584 tuaeque

176 2584 319 2668 coniugis
336 2584 370 2648 in
386 2586 545 2663 volucres,
563 2585 672 2650 niveas
690 2585 796 2650 abiere
813 2586 998 2651 columbas?

218 2668 351 2733 Talibus
368 2681 463 2753 atque
480 2669 550 2734 aliis
567 2681 736 2757 postquam
753 2671 898 2735 convivia
915 2672 1007 2737 dictis
1083 2687 1168 2740 amaa

108 2771 158 2820 675
174 2753 361 2839 implerunt,
378 2779 488 2820 mensa
505 2778 651 2821 somnum
668 2757 787 2841 petiere
803 2768 934 2821 remota

176 2861 312 2922 cumque
329 2841 380 2906 die
398 2852 534 2927 surgtmt
550 2842 730 2924 adeuntque
748 2842 876 2907 oracula
892 2842 1031 2908 Phoebi:

176 2926 232 3008 qui
248 2935 356 3010 petere
373 2927 535 3010 antiquam
552 2937 687 2992 matrem
704 2938 902 3012 cognataque
919 2928 1012 2993 iussit

175 3009 277 3074 litora.
320 3013 522 3097 prosequitur
538 3035 595 3077 rex
612 3024 644 3077 et
661 3013 717 3076 dat
733 3036 849 3078 munus
866 3013 967 3091 ituris,

176 3095 337 3161 Anchisae
355 3109 529 3182 sceptrum,
547 3097 746 3183 chlamydem
762 3099 1005 3184 pharetramque
1021 3097 1129 3184 nepoti,

108 3198 159 3249 680
177 3191 331 3245 crateram
348 3182 494 3260 Aeneae,
512 3205 608 3266 quam
626 3184 786 3267 quondam
804 3185 933 3249 miserat
948 3185 994 3249 illi

176 3267 291 3352 hospes
309 3266 350 3331 ab
366 3267 480 3332 Aoniis
497 3268 636 3333 Therses
653 3269 809 3334 Ismenius
827 3270 900 3333 oris.

177 3353 305 3417 miserat
321 3353 404 3418 hanc
420 3353 466 3416 illi
482 3353 636 3429 Therses,
654 3353 864 3419 fabricaverat
879 3355 986 3421 Alcon

180 3438 306 3521 Hyleus
325 3448 356 3502 et
372 3438 469 3524 longo
487 3439 664 3505 caelaverat
682 3449 878 3525 argumento.

176 3524 253 3586 urbs
271 3533 353 3600 erat,
372 3534 403 3588 et
420 3534 542 3609 septem
558 3547 668 3610 posses
686 3526 851 3590 ostendere
868 3537 989 3611 portas:

109 3627 158 3679 006
176 3607 237 3672 hae
254 3609 457 3693 pronomine
476 3621 565 3674 erant
583 3621 628 3687 et,
646 3632 728 3693 quae
745 3611 827 3676 foret
843 3612 911 3686 illa,
929 3612 1090 3678 docebant.

176 3704 250 3758 ante
268 3693 379 3759 urbem
397 3695 551 3779 exequiae
569 3695 743 3780 tumulique
760 3696 914 3782 ignesque
931 3698 1063 3783 rogique

176 3778 362 3862 effusaeque
380 3802 485 3845 comas
504 3791 535 3845 et
552 3792 679 3866 apertae
696 3794 825 3866 pectora
841 3793 957 3848 matres

177 3863 356 3950 significant
372 3865 508 3943 luctum3
525 3867 685 3952 nymphae
702 3888 830 3951 quoque
846 3869 922 3934 flere
939 3868 1085 3935 videntur

177 3948 373 4034 siccatosque
391 3951 480 4034 queri
497 3951 616 4029 fontes3
635 3951 702 4017 sine
719 3952 883 4017 frondibus
901 3954 995 4020 arbor

26 4092 34 4113 ,.
106 4032 161 4105 ’600
177 4033 265 4101 nuda
280 4034 363 4121 riget
367 4059 378 4113 3
395 4037 512 4104 rodunt
528 4037 649 4104 arentia
666 4061 743 4104 saxa
760 4037 908 4125 capellae.

26 4118 73 4183 hu-
