2574 4478
165 271 229 338 252
498 283 531 338 P.
550 283 673 340 OVIDII
691 282 853 340 NASONIS

166 420 212 486 et,
231 431 313 492 quae
331 406 509 494 dempsistis
526 407 625 483 vitae,
644 407 717 472 date
734 417 877 492 tempora
894 405 1031 472 famae.’'

166 495 254 559 dixit.
299 505 330 559 et
348 494 388 557 ad
405 504 511 578 postes
530 504 657 557 ornatos
675 514 728 558 sae
752 516 769 558 e
787 493 910 557 coronis

165 592 307 644 umentes
326 581 433 643 oculos
452 590 482 644 et
500 578 618 664 pallida
635 516 782 643 braccliia
800 580 923 655 tollens,

98 685 146 733 735
166 688 238 730 cum
255 665 375 729 foribus
393 665 498 747 laquei
514 665 663 749 religaret
679 665 805 728 vincula
823 663 965 741 summis,

165 751 270 815 “haec
287 750 344 814 tibi
362 761 445 815 serta
462 751 600 834 placent,
619 750 754 814 crudelis
772 761 804 814 et
821 749 961 835 impia?''
981 749 1062 814 dixit

164 835 358 919 inseruitque
376 848 484 920 caput,
502 836 644 900 sedtum
662 856 788 918 quoque
805 858 915 900 versus
933 836 975 900 ad
992 836 1091 912 illam,

167 934 261 1004 atque
278 958 321 967 —
339 943 418 984 onus
435 921 546 986 infelix
563 956 606 967 -
623 920 699 984 elisa
716 920 809 985 fauce
826 921 986 1007 pependit.

165 1008 228 1070 icta
245 1007 363 1091 pedum
379 1016 467 1069 motu
476 1005 693 1092 [trepidantem
711 1018 744 1070 et
761 1008 861 1071 multa
880 1011 1044 1073 timentem

99 1111 149 1161 745
167 1093 233 1156 visa
252 1092 375 1155 dedisse
393 1087 511 1173 sonum]
524 1103 569 1156 est
588 1090 801 1175 adapertaque
817 1092 914 1155 ianua
930 1091 1053 1156 factum

164 1177 311 1262 prodidit.
357 1177 534 1241 exclamant
550 1176 675 1253 famuli,
693 1177 872 1260 frustraque
889 1177 1030 1242 levatum
1048 1211 1093 1225 -

165 1286 240 1327 nam
256 1273 347 1362 pater
364 1262 522 1327 occiderat
538 1297 581 1308 —
597 1261 739 1326 referunt
756 1263 796 1326 ad
813 1263 923 1326 limina
939 1262 1061 1328 matris.

165 1348 279 1432 accipit
295 1348 350 1412 illa
367 1347 452 1424 sinu,
471 1348 698 1432 complexaque
716 1347 832 1432 frigida
848 1349 915 1412 nati

166 1434 308 1498 membra
327 1433 389 1509 sui,
406 1444 575 1517 postquam
592 1433 778 1498 miserorum
795 1433 894 1498 verba
909 1443 1079 1518 parentum

25 1568 26 1572 ,
99 1538 148 1586 745
168 1519 264 1583 edidit
283 1529 314 1582 et
331 1529 468 1582 matrum
485 1519 670 1582 miserarum
688 1519 773 1583 facta
790 1519 922 1604 peregit,

165 1605 278 1668 funera
296 1603 432 1668 ducebat
448 1605 585 1667 mediam
602 1603 768 1668 lacrimosa
784 1627 842 1689 per
858 1604 970 1669 urbem

165 1689 330 1772 luridaque
348 1710 457 1752 arsuro
474 1689 621 1774 portabat
638 1690 780 1754 membra
797 1690 923 1754 feretro.

165 1775 247 1839 forte
264 1775 335 1838 viae
352 1774 456 1837 vicina
475 1775 601 1850 domus,
620 1795 684 1857 qua
701 1775 814 1839 flebilis
831 1775 899 1840 ibat

165 1882 296 1946 pompa,
314 1859 389 1936 fuit,
409 1860 569 1942 duraeque
587 1881 682 1924 sonus
699 1860 861 1945 plangoris
879 1861 920 1925 ad
938 1883 1031 1927 aures

99 1965 148 2013 755
166 1945 253 2011 venit
269 1945 482 2021 Anaxaretes,
501 1967 596 2027 quam
614 1945 677 2009 iarn
696 1946 773 2010 deus
791 1947 874 2010 ultor
934 1947 1018 2011 ebat

165 2042 251 2096 mota
268 2040 373 2094 tamen
392 2030 604 2095 “videamus''
623 2031 667 2094 ait
685 2031 888 2097 “miserabile
919 2031 1033 2110 unus,'’

166 2127 197 2180 et
214 2117 329 2201 patulis
347 2116 416 2180 iniit
433 2127 552 2180 tectum
570 2117 705 2181 sublime
722 2116 877 2181 fenestris.

165 2203 282 2285 vixque
300 2202 380 2267 bene
397 2202 578 2286 impositum
596 2202 677 2266 lecto
694 2213 899 2287 prospexerat
915 2202 1026 2288 Iphin:

167 2287 331 2372 deriguere
349 2287 446 2364 oculi,
465 2287 648 2370 calidusque
666 2308 683 2352 e
702 2309 832 2373 corpore
850 2289 980 2373 sanguis

99 2389 147 2438 755
165 2372 294 2437 inducto
312 2373 430 2457 pallore
448 2372 545 2457 fugit:
564 2383 740 2456 conataque
756 2384 839 2438 retro

165 2459 248 2522 ferre
265 2458 361 2543 pedes
379 2458 493 2522 haesit:
512 2469 624 2523 conata
641 2470 783 2524 avertere
800 2460 907 2524 vultus

165 2544 227 2607 hoo
244 2563 370 2625 quoque
387 2565 451 2607 non
468 2544 579 2628 potuit.
623 2545 839 2628 paulatimque
857 2556 992 2630 occupat
1010 2558 1106 2622 artus,

166 2627 251 2709 quod
269 2628 330 2692 fuit
346 2629 379 2692 iu
397 2628 476 2693 duro
492 2629 556 2692 iam
575 2630 696 2715 pridem
714 2642 855 2715 pectore,
873 2652 995 2695 saxum.

166 2735 246 2777 neve
265 2735 302 2777 ea
319 2714 393 2777 ficta
409 2725 515 2864 putes,
535 2714 681 2778 dominae
699 2716 759 2779 sub
776 2715 915 2801 imagine
933 2717 1061 2802 signum

99 2816 148 2865 765
166 2808 271 2862 servat
289 2798 391 2863 adhuc
437 2800 561 2877 alamis3
584 2800 717 2864 Veneris
735 2821 862 2884 quoque
885 2803 1013 2867 nomine
1035 2802 1173 2886 templum

166 2881 392 2968 Prospicientis
409 2883 515 2949 habet.
560 2907 692 2968 quorum
710 2908 841 2963 memor,
859 2908 879 2950 o
896 2909 982 2964 mea,
1000 2887 1101 2952 lentos

166 2989 264 3052 pone,
282 2988 403 3051 precor,
421 2969 522 3034 fastus
541 2983 572 3034 et
590 2972 707 3034 amanti
725 2971 870 3057 iungere,
888 2973 1039 3057 nympha

167 3052 212 3115 sic
231 3051 288 3115 tibi
304 3073 363 3115 nec
381 3075 513 3118 vernum
531 3057 693 3120 nascentia
709 3056 811 3142 frigus
829 3057 942 3121 adurat

166 3158 275 3222 poma,
293 3158 352 3201 neo
370 3140 530 3204 excutiant
546 3141 648 3226 rapidi
665 3143 809 3206 florentia
826 3142 932 3207 venti!

98 3240 147 3290 765
207 3222 299 3286 Η555
316 3221 371 3285 uhi
388 3225 579 3308 nequiquam
596 3226 699 3291 forma
717 3227 795 3292 dous
813 3240 907 3314 aptus
925 3230 1001 3296 anili

166 3305 277 3381 edidit,
295 3306 328 3370 in
345 3307 491 3374 iuvenem
508 3311 601 3375 rediit
618 3323 649 3376 57
668 3313 762 3376 anilia
780 3313 878 3378 demit

165 3389 372 3456 instrumenta
390 3393 449 3457 sibi
467 3394 601 3477 talisque
619 3398 764 3481 apparuit
781 3398 836 3475 illi,

166 3474 269 3557 qualis
286 3477 341 3541 ubi
360 3479 518 3563 oppositas
536 3481 724 3546 nitidissima
742 3484 816 3547 solis
833 3485 939 3570 imago

167 3559 261 3624 evicit
277 3561 378 3627 nubes
395 3565 545 3648 nullaque
563 3566 707 3632 obstante
725 3569 849 3633 reluxit.

100 3664 150 3714 775
167 3643 295 3728 vimque
312 3659 416 3732 parat:
436 3650 491 3714 sed
509 3650 541 3715 vi
559 3673 622 3715 non
641 3663 689 3716 est
706 3675 800 3738 opus,
817 3655 914 3738 inque
931 3654 1036 3740 figura

167 3741 261 3880 capta
278 3732 329 3797 dei
346 3736 485 3820 nymphe
503 3746 549 3800 est
568 3747 600 3800 et
616 3752 727 3802 mutua
745 3741 876 3805 vulnera
893 3742 1000 3806 sensit,

241 3816 379 3884 roximus
396 3821 558 3886 Ausonias
575 3821 682 3887 iniusti
700 3824 790 3889 miles
808 3825 919 3889 Amuli
1051 3843 1176 3897 17555755.

166 3901 248 3967 rexit
265 3923 355 3988 opes:
374 3904 583 3989 Numitorque
601 3929 698 3971 senex
716 3910 831 3974 amissa
847 3921 1000 3996 nepotum

167 4009 299 4053 munere
315 4010 414 4073 regna
433 3992 531 4078 capit:
550 3992 701 4075 festisque
719 3993 874 4059 Palilibus
891 3996 980 4060 urhis

71 4100 76 4169 ᾗ
98 4092 149 4143 775
167 4072 293 4139 moenia
311 4073 498 4142 conduntur.
543 4077 718 4163 Tatiusque
734 4091 900 4166 patresque
919 4079 1034 4148 Sabini
