2574 4478
171 266 236 332 204
502 278 535 333 P.
556 278 680 335 OVIDII
696 275 859 335 NASONIS

171 404 304 488 coniuge
321 402 513 468 Pirithoum:
532 401 618 486 quod
635 425 737 488 paene
755 401 926 466 fefellimus
944 423 1047 468 omen.

169 513 243 553 nam
262 489 334 566 tibi,
353 511 520 554 saevorum
537 487 719 552 saevissime
738 485 981 565 Centaurorum,

103 594 153 642 220
171 574 307 659 Euryte,
325 596 422 658 quam
440 574 513 638 vino
530 585 641 658 pectus
660 583 724 637 tam
743 573 864 658 virgine
882 573 951 637 visa

170 662 273 737 ardet,
292 671 324 724 et
341 660 475 725 ebrietas
492 659 653 744 geminata
669 657 799 723 libidine
816 669 938 744 regnat.

170 747 313 832 protinus
331 767 459 810 eversae
478 745 607 808 turbant
624 744 769 808 convivia
786 767 925 821 mensae,

171 843 375 916 raptaturque
393 830 491 893 comis
508 829 646 915 pervim
664 852 748 893 nova
764 841 865 914 nupta
881 829 1055 915 prehensis.

171 916 313 1001 Eurytus
331 916 571 1000 Hippodamen,
589 915 655 989 alii,
674 936 770 997 quam
788 936 921 998 qursque
938 916 1115 1001 probabant

103 1022 152 1071 225
171 1013 226 1066 aut
242 1013 401 1088 poterant,
420 1001 561 1085 rapiunt;
580 1011 754 1085 captaeque
772 1011 838 1065 erat
855 1001 942 1064 urbis
959 1001 1076 1087 imago·

171 1088 308 1152 femineo
327 1087 463 1151 clamore
481 1097 573 1150 sonat
590 1085 714 1150 domus.
757 1086 845 1150 ocius
863 1108 973 1152 omnes

172 1174 345 1258 surgimus,
364 1185 395 1237 et
412 1171 533 1257 primus
551 1177 660 1254 “quae
677 1182 709 1236 te
726 1171 902 1249 vecordia,’'
920 1170 1065 1238 Theseus

172 1258 334 1343 “Euryte‚
352 1258 480 1342 pulsat”
500 1256 558 1334 ait,
577 1256 658 1340 “qui
675 1279 727 1322 me
744 1256 869 1321 vivente
886 1257 1024 1323 lacessas

170 1343 348 1408 Pirithoum
366 1343 527 1425 violesque
544 1342 624 1407 duos
641 1342 771 1428 ignarus
789 1342 823 1406 in
839 1342 946 1407 unol''

105 1449 155 1498 230
175 1429 269 1514 [neve
287 1452 325 1493 02
342 1429 562 1512 magnanimus
580 1427 698 1492 frustra
714 1427 935 1493 memoraverit
952 1428 1056 1505 heros,

172 1515 339 1580 submovet
354 1514 505 1577 instantes
523 1524 709 1598 raptamque
726 1512 904 1578 furentibus
921 1511 1052 1600 aufert]

171 1601 223 1664 ille
241 1600 319 1663 nihil
337 1609 445 1664 contra
462 1597 581 1681 (neque
599 1599 683 1664 enim
701 1598 870 1664 defendere
887 1598 993 1664 verbis

171 1686 247 1750 talia
263 1684 349 1748 facta
365 1684 492 1770 potest),
511 1683 567 1748 sed
583 1684 717 1748 vindicis
735 1706 790 1749 ora
806 1685 960 1770 protervis

171 1770 347 1853 insequitur
364 1769 510 1834 manibus
528 1790 745 1854 generosaque
762 1781 891 1855 pectora
907 1770 1024 1856 pulsat.

104 1872 154 1922 255
172 1856 253 1920 forte
271 1855 331 1919 fuit
348 1855 437 1919 iuxta
454 1855 552 1940 signis
570 1855 751 1919 extantibus
770 1879 862 1940 asper

173 1942 320 2024 antiquus
339 1952 449 2018 crater,
467 1960 563 2023 quem
580 1952 705 2005 vastum
724 1942 841 2006 vastior
858 1941 926 2026 ipse

172 2027 298 2091 sustulit
315 2026 458 2111 Aegides
476 2024 672 2109 adversaque
689 2026 774 2091 misit
791 2027 825 2090 in
842 2048 907 2091 ora.

173 2111 334 2196 sanguinis
351 2111 404 2176 ille
421 2111 534 2196 globos
551 2111 670 2197 pariter
686 2111 915 2194 cerebrumque
932 2131 1134 2198 merumque

172 2199 302 2261 vulnere
320 2208 350 2262 et
368 2219 422 2260 ore
440 2206 571 2262 vomens
588 2196 717 2261 madida
732 2199 900 2282 resupinus
917 2198 1038 2264 harena

105 2299 155 2348 240
173 2283 322 2347 calcitrat.
367 2282 536 2347 ardescunt
551 2283 695 2367 germani
712 2285 808 2347 caede
826 2284 1018 2349 bimembres

172 2369 377 2450 certatimque
395 2391 504 2433 omnes
521 2390 585 2432 uno
604 2389 658 2434 ore
676 2374 804 2444 “arma
822 2368 949 2433 armal''
968 2370 1146 2453 loquuntur.

172 2455 246 2517 vina
264 2453 382 2517 dabant
399 2454 530 2518 animos.
574 2465 606 2518 et
622 2453 725 2538 prima
741 2454 855 2538 pocula
871 2477 982 2540 pugna

171 2538 269 2603 missa
286 2541 394 2602 volant
410 2539 602 2624 fragilesque
620 2539 691 2604 cadi
709 2539 860 2623 curvique
876 2540 1007 2617 lebetes,

172 2647 222 2689 res
240 2624 340 2709 epulis
359 2625 533 2708 quondam,
551 2635 619 2688 tum
637 2624 721 2689 bello
739 2636 771 2689 et
789 2625 939 2690 caedibus
957 2639 1062 2712 aptae.
1097 2626 1100 2630 ’

105 2727 154 2775 245
172 2708 292 2794 primus
311 2707 509 2794 Ophionides
528 2711 672 2794 Amycus
689 2710 863 2796 penetralia
880 2711 971 2775 donis

172 2795 258 2858 haud
275 2795 379 2858 timuit
397 2796 531 2879 spoliare
549 2797 628 2872 suis,
648 2806 679 2860 et
696 2796 815 2880 primus
834 2796 874 2859 ab
892 2797 972 2862 aede

173 2879 372 2964 lampadibus
391 2881 523 2945 densum
541 2882 645 2966 rapuit
661 2881 769 2946 funale
787 2882 939 2959 coruscis3

173 2966 353 3047 elatumque
372 2966 448 3042 alte,
467 2966 565 3031 veluti
583 2967 637 3049 qui
655 2968 789 3031 candida
806 2969 888 3032 tauri

172 3073 318 3134 rumpere
336 3051 478 3115 sacrifica
494 3052 622 3115 molitur
639 3053 719 3115 colla
737 3054 849 3129 securi,

105 3153 155 3202 250
171 3135 258 3199 illisit
275 3135 369 3200 fronti
388 3136 545 3221 Lapithae
564 3135 762 3214 Celadontis,
780 3149 812 3202 01
829 3160 901 3202 ossa
918 3213 919 3216 Ἴ

171 3244 236 3284 non
254 3222 453 3306 agnoscendo
472 3222 604 3286 confusa
620 3223 769 3305 relinquit
784 3223 817 3286 in
836 3245 899 3288 ore.

172 3307 309 3371 exiluere
328 3308 425 3383 oculi,
444 3307 644 3390 disiectisque
662 3309 785 3372 ossibus
804 3309 866 3372 oris

173 3403 244 3455 acta
260 3403 343 3456 retro
361 3393 445 3455 naris
463 3393 630 3475 medioque
649 3405 696 3457 est
712 3393 777 3457 fixa
795 3394 910 3477 palato.

172 3478 257 3541 hunc
274 3478 354 3561 pede
373 3478 523 3541 convulso
541 3501 669 3542 mensae
685 3477 833 3543 Pellaeus
852 3502 985 3546 acernae

105 3581 153 3628 255
173 3562 282 3627 stravit
299 3562 387 3626 humi
404 3563 531 3627 Pelates
549 3564 669 3628 deiecto
687 3564 719 3626 in
737 3575 864 3648 pectora
881 3578 999 3643 mento,

173 3669 307 3730 cumque
326 3660 392 3712 atro
411 3649 525 3713 mixtos
544 3660 722 3732 sputantem
741 3651 896 3734 sanguine
914 3650 1025 3716 dentes

173 3734 302 3797 vulnere
320 3734 488 3798 Tartareas
505 3735 665 3817 geminato
683 3735 779 3799 mittit
796 3736 838 3798 ad
854 3736 994 3800 umbras.

172 3818 333 3902 proximus
352 3831 387 3882 ut
405 3830 547 3896 steterat,
565 3830 710 3903 spectans
729 3821 839 3884 altaria
856 3822 948 3885 vultu

173 3902 296 3967 fumida
312 3904 443 3968 terribili
461 3912 544 3969 “cur
560 3905 649 3967 non’'
668 3905 711 3969 ait
730 3906 873 3969 “utimur
889 3905 1002 3971 istis?”

106 4008 156 4058 260
174 4009 310 4071 cumque
328 3988 393 4053 suis
411 3988 560 4074 Gryneus
578 3989 748 4054 immanem
766 3991 892 4054 sustulit
910 4015 997 4057 aram

171 4072 316 4161 ignibus,
333 4087 365 4142 et
382 4075 522 4143 medium
540 4075 750 4164 Lapitharum
767 4076 840 4144 iecit
856 4076 890 4144 in
908 4100 1034 4167 agmen,
