2574 4478
252 301 618 362 METAMORPHOSEON
635 303 707 359 LIB.
727 302 762 357 X.
782 303 909 359 91--178,

64 429 127 494 hoc
145 429 227 514 petit
245 451 264 491 a
282 429 419 514 superis,
437 438 473 492 ut
490 437 630 512 tempore
648 428 756 511 lugeat
774 425 868 494 omni.

63 517 210 598 iamque,
228 536 288 598 per
301 514 471 578 immensos
489 525 598 599 egesto
617 512 770 597 sanguine
788 512 890 589 fletus,

63 602 100 665 in
118 599 253 664 viridem
271 599 351 663 verti
369 609 541 683 coeperunt
558 597 701 662 membra
719 597 870 674 colorem;

65 699 99 752 et
118 685 213 749 modo
231 684 286 767 qui
303 684 396 749 nivea
412 683 595 768 pendebant
611 683 715 747 fronte
733 680 848 766 capilli,

64 770 196 836 horrida
214 770 368 834 caesaries
386 769 469 846 fieri,
487 779 677 854 sumptoque
694 767 798 852 rigore

65 857 228 921 sidereum
245 855 355 940 gracili
373 865 514 939 spectare
533 853 696 918 cacumine
715 853 846 917 caelum.
1111 874 1161 925 140

62 940 223 1026 ingemuit
240 939 397 1023 tristisque
416 940 494 1003 deus
512 939 676 1024 ‘lugebere
693 937 785 1002 nobis

62 1026 257 1112 lugebisque
275 1025 351 1089 ahos
370 1025 536 1108 aderisque
554 1023 745 1088 dolentibus’
764 1023 874 1106 inquit.

112 1111 192 1175 Tale
210 1133 322 1175 nemus
340 1122 428 1175 vates
447 1119 631 1186 attraxerat,
649 1110 745 1193 inque
762 1108 902 1173 ferarum
1036 1125 1159 1194 Orpheus.

66 1196 203 1262 concilio
221 1195 345 1260 medius
363 1195 457 1259 turba
475 1196 702 1279 volucrumque
721 1194 861 1259 sedebat.

65 1292 105 1347 ut
123 1281 198 1346 satis
216 1280 367 1365 impulsas
385 1280 550 1365 temptavit
567 1280 679 1364 pollice
698 1278 841 1356 chordae,
979 1299 982 1307 ’
1111 1301 1158 1349 145

65 1379 101 1433 11
119 1366 216 1432 sensit
233 1365 350 1441 varios,
369 1365 514 1449 quamvis
533 1366 658 1430 diversa
676 1376 832 1442 sonarent,

67 1453 260 1518 concordare
277 1452 402 1527 modos,
420 1450 481 1516 hoo
498 1472 609 1516 vocem
626 1451 764 1514 carmine
782 1451 895 1515 movit:

112 1537 179 1601 ‘Ab
196 1538 288 1613 Iove,
306 1537 404 1601 Musa
421 1558 535 1622 parens
551 1573 595 1584 —
612 1537 728 1601 cedunt
746 1536 831 1601 Iovis
850 1535 956 1600 omnia
973 1559 1071 1622 regno
1088 1573 1132 1584 -

67 1623 211 1688 carmina
227 1631 336 1686 nostra
352 1643 454 1686 move.
497 1622 584 1686 Iovis
602 1632 650 1686 est
667 1621 743 1685 mihi
762 1644 857 1706 saepe
874 1633 1015 1707 potestas

67 1709 155 1773 dicta
172 1706 274 1792 prius:
293 1707 392 1771 cecini
409 1709 528 1792 plectro
546 1707 691 1792 graviore
710 1705 867 1791 Gigantas
1112 1727 1160 1776 150

67 1815 244 1879 sparsaque
261 1792 447 1877 Phlegraeis
465 1792 606 1857 victricia
623 1793 757 1857 fulmina
775 1792 904 1878 campis.

66 1900 155 1944 nunc
172 1900 253 1964 opus
271 1889 319 1942 est
335 1878 453 1942 leviore
469 1878 551 1962 lyra:
569 1900 747 1963 puerosque
766 1901 916 1943 canamus

68 1964 200 2029 dilectos
218 1963 355 2048 superis,
372 1962 626 2046 inconcessisque
644 1965 765 2050 puellas

67 2049 199 2136 ignibus
216 2048 364 2112 attonitas
381 2049 533 2114 meruisse
550 2049 681 2114 libidine
722 2072 843 2115 cenam.
1089 2070 1159 2119 ,151

112 2134 185 2199 Rex
201 2156 350 2219 superum
367 2134 502 2219 Phrygii
520 2135 681 2218 quondam
733 2135 896 2219 anymedis
915 2156 1022 2200 amore
1070 2133 1158 2200 Gany-

68 2220 159 2296 arsit3
179 2229 210 2284 et
226 2219 389 2284 inventurn
408 2229 455 2284 est
473 2219 606 2303 aliquid,
624 2219 709 2302 quod
727 2220 870 2368 Iuppliter
887 2243 965 2297 esse,
1067 2204 1159 2256 medes.

69 2327 166 2389 quam
184 2304 270 2387 quod
288 2315 368 2380 erat,
386 2305 504 2370 mallet.
548 2305 635 2368 nulla
652 2315 758 2370 tamen
776 2305 850 2368 a'te
867 2306 947 2370 verti

70 2391 229 2476 dignatur,
247 2389 308 2454 nisi
326 2411 407 2473 quae
424 2400 531 2475 posset
548 2413 606 2454 sua
623 2390 757 2454 fulmina
774 2389 866 2455 serre.

69 2499 129 2541 nec
146 2498 248 2540 mora:
267 2497 417 2560 percusso
434 2475 638 2541 mendacibus
656 2479 728 2541 aere
745 2475 857 2560 pennis

71 2561 186 2646 abripit
203 2561 326 2626 Iliaden
332 2585 341 2637 ;
359 2561 414 2644 qui
431 2583 517 2626 nunc
535 2582 662 2645 quoque
679 2561 793 2646 pocula
810 2561 921 2626 miscet
1111 2584 1160 2633 110

69 2647 232 2731 invitaque
250 2647 320 2711 Iovi
336 2658 446 2711 nectar
462 2647 584 2712 Iunone
602 2647 767 2711 ministrat.

111 2732 161 2797 Te
171 2753 308 2815 quoque,
322 2732 501 2816 Amyclide,
510 2732 666 2816 posuisset
678 2731 712 2796 in
726 2732 852 2798 aethere
860 2731 1024 2810 Phoebus,
1043 2732 1159 2799 Hyacin-

70 2818 172 2884 tristia
189 2818 216 2881 si
234 2817 371 2901 spatium
388 2819 524 2903 ponendi
543 2818 610 2882 lata
627 2818 796 2883 dedissent.
1069 2802 1133 2854 stas.

70 2925 134 2988 qua
151 2902 238 2979 licet,
257 2914 401 2968 aeternus
420 2912 526 2968 tamen
544 2927 591 2980 es;
609 2904 817 2988 quotiensque
834 2903 956 2989 repellit

69 3011 127 3054 ver
144 2988 294 3063 hiemem,
312 2988 462 3071 Piscique
480 2989 574 3054 Aries
592 2991 733 3054 succedit
750 3010 879 3072 aquoso,
1112 3010 1159 3060 115
1200 2998 1204 3011 “

69 3086 105 3138 tu
123 3073 238 3138 totiens
256 3073 353 3138 oreris
371 3074 526 3158 viridique
543 3075 576 3138 in
595 3075 733 3160 caespite
749 3075 852 3140 flores.

70 3171 101 3224 11
120 3182 211 3223 meus
228 3170 301 3223 ante
319 3181 428 3223 omnes
445 3161 570 3245 genitor
586 3160 704 3224 dilexit.
749 3172 781 3225 et
799 3161 875 3225 orbe

69 3244 102 3310 in
120 3244 226 3308 medio
244 3244 338 3329 positi
356 3258 524 3310 canremnt
542 3245 685 3330 praeside
702 3245 832 3330 Delphi,

70 3332 148 3394 dum
168 3330 246 3394 deus
263 3329 407 3394 Eurotan
425 3331 686 3414 immunitamque
704 3330 884 3415 frequentat

70 3414 223 3500 Sparten:
241 3437 300 3480 nec
318 3414 456 3480 citharae
473 3439 532 3481 nec
550 3416 672 3481 suntin
689 3416 808 3482 honore
826 3416 970 3502 sagittae.
1110 3438 1160 3488 170

69 3500 237 3565 immemor
253 3501 322 3585 ipse
340 3500 390 3564 sui
407 3523 471 3565 non
488 3501 568 3566 retia
585 3501 666 3566 ferre
684 3512 818 3578 recusat,

68 3607 134 3651 non
152 3585 291 3650 tenuisse
310 3608 418 3663 canes,
436 3608 501 3651 non
517 3609 574 3672 per
590 3587 667 3672 iuga
684 3587 798 3653 montis
816 3587 917 3670 iniqui

67 3671 116 3736 ire
134 3692 254 3748 comes3
273 3672 432 3757 longaque
449 3671 505 3736 alit
522 3673 724 3737 assuetudine
741 3674 895 3738 flammas.

67 3755 197 3840 iamque
215 3757 282 3822 fere
299 3757 422 3822 medius
439 3757 536 3821 Titan
553 3758 705 3823 venientis
724 3768 861 3823 1110111

67 3842 171 3907 noctis
190 3853 271 3918 erat,
290 3843 454 3928 spatioque
471 3843 540 3928 pari
558 3843 695 3908 distabat
712 3844 883 3927 utrimque:
1110 3865 1159 3914 175

68 3948 202 4012 corpora
219 3937 307 3993 veste
324 3928 445 4005 levant,
463 3939 495 3993 et
512 3950 588 3993 suco
605 3929 732 4015 pinguis
750 3929 825 3994 olivi

67 4013 294 4098 splendescunt
310 4014 430 4097 latique
446 4014 557 4079 ineunt
575 4015 745 4079 certamina
763 4015 850 4080 disci.

67 4119 165 4186 qnam
181 4099 270 4188 prius
288 4098 389 4166 aerias
406 4099 556 4172 libratum
572 4098 724 4166 Phoebus
740 4100 774 4167 in
792 4124 885 4168 auras
