2574 4478
134 198 199 266 230
468 210 502 267 Ρ.
521 211 645 269 OVIDII
662 210 826 269 NASONIS

67 356 115 406 tet
134 336 174 401 ad
192 332 297 422 pelagi
313 334 485 437 nymphas,
502 336 608 422 pelagi
625 335 805 422 gratissima
821 331 981 420 nymphis,

132 422 200 487 ibat
216 432 248 487 et
265 422 369 487 clusos
385 444 536 487 iuvenum
553 421 701 486 narrabat
718 443 852 486 amores.

134 504 185 570 cui
203 506 278 570 dum
320 504 467 571 eotendos
484 504 616 591 praebet
634 500 770 568 Galatea
788 503 929 587 capillos,

132 590 248 655 talibus
308 589 435 674 oquitur
446 603 590 677 repetens
608 590 743 675 suspiria
761 590 867 655 dictis:

134 682 180 741 ‘te
197 686 318 753 tamen,
336 697 355 740 o
375 676 474 761 virgo,
491 698 593 762 genus
610 675 696 740 haud
713 676 835 740 immite
851 676 992 741 virorum

66 778 116 828 tto
134 761 266 846 expetit3
284 771 381 861 utque
398 760 492 838 facis,
509 772 599 846 potes
616 760 666 825 his
683 760 812 846 impune
829 784 958 846 negare.

134 844 274 922 etmihi,
293 868 342 911 eur
360 858 449 931 pater
466 856 514 911 est
530 846 668 924 Nereus,
686 868 782 930 quam
800 847 927 912 caerula
942 846 1042 912 Doris

134 930 227 998 enixa
245 941 305 1008 est,
323 952 405 1015 quae
423 954 493 995 sum
511 931 605 996 turba
621 953 748 1016 quoque
765 944 834 997 tuta
851 954 1006 1010 sororum,

133 1040 197 1082 non
214 1015 275 1082 nisi
286 1040 349 1130 per
365 1018 469 1082 luctus
487 1016 576 1082 licuit
594 1014 743 1102 Cyclopis
762 1039 902 1083 amorem

133 1102 283 1188 effugere.
337 1111 368 1167 et
386 1101 533 1168 lacrimae
551 1124 661 1167 vocem
678 1102 850 1187 impediere
866 1102 1034 1188 loquentis.

67 1204 115 1256 tte
133 1210 213 1273 quas
230 1186 286 1253 ubi
303 1209 480 1253 marmoreo
498 1187 627 1253 detersit
642 1188 757 1274 pollice
774 1189 864 1302 virgo

134 1284 164 1340 et
182 1272 281 1340 solata
299 1272 390 1339 deam
409 1283 471 1350 est,
490 1273 597 1350 ‘refer,
615 1295 634 1338 o
653 1273 824 1351 carissima,
852 1272 933 1339 dixit

133 1366 228 1425 ‘neve
246 1357 292 1424 tui
310 1380 438 1425 oausam
456 1369 528 1445 tege
545 1357 631 1443 (sum
649 1358 706 1423 tibi
723 1359 802 1445 fida)
819 1358 957 1424 doloris!

132 1444 244 1511 Nereis
261 1444 310 1509 his
329 1455 437 1510 contra
453 1455 597 1511 resecuta
615 1441 784 1512 Crataeide
800 1456 908 1509 natam
926 1454 988 1510 est:

133 1530 222 1596 ‘Acis
240 1540 320 1608 erat,
337 1530 450 1596 Fauno
467 1530 670 1632 nymphaque
685 1530 891 1616 Symaethide
908 1541 1024 1608 cretus,
1064 1548 1149 1615 (Aah.)

19 1619 20 1622 ’
66 1632 116 1682 tto
133 1638 250 1702 magna
267 1614 394 1700 quidem
413 1625 574 1702 patnsque
591 1615 641 1681 sui
658 1617 830 1700 matrisque
847 1616 1006 1701 voluptas,

132 1713 239 1767 nostra
256 1711 361 1767 tamen
380 1702 492 1767 maior:
510 1724 585 1766 nam
602 1724 654 1767 mc
671 1700 730 1766 sibi
747 1701 893 1767 iunxerat
908 1700 975 1780 uui,

132 1784 263 1874 pulcher
281 1797 312 1853 et
329 1787 449 1853 octonis
466 1786 579 1852 iterum
596 1786 755 1852 natalibus
773 1787 850 1852 actis

134 1872 274 1958 signarat
290 1883 413 1939 teneras
430 1872 528 1938 dubia
544 1871 694 1959 lanugine
712 1874 821 1938 malas.

134 1956 219 2024 huno
236 1980 307 2060 ego,
325 1980 375 2059 ¹¹¹⁰.
394 1954 494 2060 (lyclo
518 1981 533 2023 s
549 1958 635 2025 nullo
654 1980 725 2023 cum
744 1958 806 2023 fine
824 1957 966 2045 petebatz

67 2062 116 2111 tot
134 2066 206 2121 neo,
224 2067 251 2109 ει
267 2066 453 2128 quaesieris,
471 1980 579 2109 odium
598 2040 748 2145 Cyclopis
766 2066 894 2111 amorne

134 2128 245 2195 Acidis
263 2130 296 2194 in
313 2130 404 2195 nobis
421 2130 517 2196 fuerit
533 2141 737 2215 praesentior,
755 2130 861 2195 edamz

134 2238 192 2302 par
208 2226 377 2299 utrumque
395 2214 464 2280 fuit.
530 2238 565 2281 ro
583 2227 703 2300 quanta
719 2216 860 2301 potentia
876 2215 967 2301 regni

133 2312 195 2379 est,
212 2300 323 2368 Venus
341 2302 439 2379 alma,
457 2238 649 2387 tuilnempe
666 2301 719 2367 ille
736 2300 865 2366 immitis
883 2312 914 2367 et
931 2300 1010 2386 ipsis

134 2384 308 2453 horrendus
325 2386 412 2452 silvis
430 2398 463 2454 et
478 2386 564 2452 visus
582 2388 623 2452 ab
640 2386 764 2472 hospite
781 2388 869 2452 nullo

67 2488 117 2540 too
134 2470 264 2575 impune
280 2484 313 2538 et
330 2472 437 2558 magni
454 2494 528 2538 oum
545 2472 594 2537 dis
611 2483 810 2558 contemptor
827 2469 970 2558 Olympi,

133 2558 211 2643 quid
228 2558 269 2623 sit
286 2578 384 2636 amor,
402 2558 512 2636 sentit,
531 2557 698 2642 validaque
715 2557 862 2643 cupidine
879 2570 992 2643 captus

134 2644 245 2719 uritur,
263 2642 380 2709 oblitus
397 2665 547 2728 pecorum
563 2656 788 2727 antrorumque
805 2665 945 2709 suorum.

134 2727 261 2814 iamque
278 2728 336 2794 tibi
353 2728 487 2806 formae,
505 2728 631 2813 iamque
648 2740 697 2794 est
714 2729 771 2794 tihi
788 2751 865 2795 eura
880 2729 1039 2814 placendi,

134 2814 198 2880 iam
215 2814 334 2900 rigidos
351 2814 450 2900 pectis
467 2814 585 2890 rastris,
603 2814 816 2900 Polypheme,
833 2814 973 2899 capillos,

70 2918 117 2968 roe
134 2900 198 2965 iam
215 2898 292 2965 libet
309 2898 462 2964 hirsutam
479 2899 537 2965 tibi
554 2899 635 2965 falce
653 2900 793 2966 recidere
809 2899 953 2976 barbam,

134 2998 165 3052 et
182 3008 198 3051 s
258 2998 325 3051 tare
343 2984 427 3052 feros
445 2986 478 3050 in
494 3006 579 3069 aquo
595 2998 628 3050 et
643 3006 832 3071 componere
849 2986 965 3050 vultus.

134 3006 258 3137 mediie
256 3092 346 3136 amor
362 3070 533 3155 feritasque
550 3070 681 3155 sitisque
697 3072 852 3137 immensa
868 3071 988 3137 cruoris

133 3168 273 3235 cessant,
290 3170 323 3222 et
339 3168 427 3222 tutae
443 3158 638 3240 veniuntque
654 3157 835 3242 abeuntque
851 3157 988 3222 minse.

133 3242 284 3309 Telemus
300 3243 421 3309 interea
438 3240 580 3308 Siculam
597 3242 720 3307 delatus
737 3243 779 3308 ad
795 3244 933 3320 Aetnen,

67 3344 117 3396 tto
135 3328 284 3395 Telemus
302 3326 354 3393 Eu
425 3327 508 3404 des,
525 3349 622 3412 quem
638 3328 727 3392 nulla
741 3327 899 3393 fefellerst
913 3326 991 3402 ales,

133 3414 305 3480 terribilem
322 3412 373 3479 Po
427 3412 542 3479 hemon
559 3413 626 3478 adit
643 3413 873 3497 “lumen’‘que,
890 3414 1003 3496 “quod
1019 3435 1115 3478 unum

133 3500 238 3566 fronte
253 3500 339 3587 geris
356 3522 389 3565 m
430 3499 476 3576 ia,
493 3499 595 3648 rapiet
611 3498 694 3563 tibi”
711 3498 793 3564 dixit
809 3497 979 3563 “mines”

132 3586 202 3652 risit
217 3598 250 3652 et
266 3594 311 3650 “o
327 3597 437 3650 vatum
454 3584 526 3650 stoli
548 3585 668 3662 issime,
685 3582 828 3650 falleris”
844 3585 962 3667 inquit:

133 3670 260 3737 “altera
274 3670 340 3736 iam
355 3670 491 3756 rapuit”
534 3672 580 3734 sic
595 3670 714 3735 frustra
730 3692 807 3736 vera
822 3686 1002 3736 monentem

66 3774 117 3828 tto
132 3758 254 3844 spernit
269 3770 303 3822 et
317 3768 375 3821 aut
389 3756 539 3842 gradiens
555 3756 677 3840 ingenti
692 3755 786 3821 litora
802 3778 899 3841 passu

134 3842 288 3929 degravat
302 3855 360 3908 aut
374 3840 478 3907 fessus
495 3840 556 3907 sub
573 3862 674 3926 opaca
689 3842 858 3907 revertitur
873 3852 974 3906 antra.

129 3928 291 4016 prominet
304 3926 340 3992 in
354 3940 489 4013 pontum
505 3940 659 3992 cuneatus
675 3928 821 3993 acumine
836 3928 933 4012 longo

26 4020 35 4059 l
131 4012 239 4085 (ὡς
255 4026 425 4099 utrumque
441 4014 524 4080 latus
541 4012 731 4080 circumfluit
746 4012 892 4100 aequoris
908 4011 1006 4079 undu.

26 4076 59 4175 k
