2574 4478
131 228 498 287 nasamonenosron
515 230 586 284 mn.
606 229 684 287 vm.
703 227 847 286 sca-uo.
937 210 999 280 135

68 377 129 418 ›usz
148 356 279 419 Ancaeo
297 355 405 419 nocuit
423 355 588 420 temeraria
605 353 725 417 virtus'

68 489 72 513 ‚
93 451 125 504 et
142 451 248 505 aerata
265 440 354 504 torsit
371 464 469 525 grave
488 440 617 524 cuspide
634 462 781 504 cornum:

68 548 134 591 »ene
150 525 264 589 librato
282 526 410 608 votique
428 536 554 610 potente
572 525 679 590 futuro

68 612 101 676 tit
120 612 264 676 aesculea
282 612 450 675 frondosus
467 612 508 675 ab
526 611 637 675 arbore
654 634 771 675 ramus.

83 708 114 761 et
131 697 308 761 Aesonides
326 697 478 772 iaculum,
498 698 584 780 quod
601 718 693 760 casus
711 696 823 761 abillo

68 783 125 846 :in
141 782 291 847 immeriti
309 783 409 846 fatum
427 783 582 859 latrantis,
600 794 633 847 et
649 782 731 847 inter

71 869 228 933 oniectum
245 868 356 932 tellure
374 890 431 952 per
446 868 500 932 ilia
516 868 617 932 fixum
635 879 691 933 est.

68 977 142 1017 anus
161 951 306 1019 Oenidae
323 954 438 1018 variat:
456 954 623 1037 missisque
640 953 774 1031 duabus,

69 1086 73 1102 ,
89 1040 175 1124 prior
192 1051 289 1116 terra,
306 1040 411 1104 medio
429 1040 515 1104 stetit
533 1040 630 1104 altera
647 1051 747 1124 terge.

69 1147 160 1189 nora:
179 1124 255 1189 dum
274 1124 386 1200 saevit,
405 1125 482 1191 dum
499 1147 631 1210 corpora
647 1137 753 1191 versat
769 1125 802 1189 in
820 1125 929 1190 orbem

69 1221 227 1293 entemque
245 1232 327 1275 novo
346 1232 491 1294 spumam
508 1232 580 1275 eum
598 1211 751 1296 sanguine
768 1211 882 1288 fundit,

69 1297 120 1361 tris
139 1307 247 1360 auctor
264 1297 353 1360 adest
371 1296 557 1380 hostemque
574 1297 676 1360 irritat
693 1298 734 1361 ad
751 1297 831 1360 iram

69 1381 208 1465 didaque
226 1382 375 1447 adversos
393 1382 551 1447 venabula
568 1382 674 1446 condit
690 1383 723 1446 in
742 1405 856 1448 armos.

69 1468 99 1531 ia
117 1478 271 1532 testantur
288 1468 363 1531 socii
382 1469 518 1533 clamore
536 1469 674 1533 secundo

69 1574 205 1635 cemque
223 1565 334 1638 petunt
352 1554 481 1618 dextrae
499 1552 690 1640 coniungere
708 1554 851 1619 dextram
857 1578 867 1632 3

69 1659 215 1721 memque
234 1639 335 1703 ferum
354 1641 454 1703 multa
472 1639 582 1704 tellure
600 1640 756 1704 iacentem

69 1736 130 1788 rtes
148 1735 305 1808 spectant,
324 1746 427 1808 neque
446 1725 549 1790 adhuc
567 1725 748 1810 contingere
766 1736 869 1790 tutum

69 1821 194 1894 putant:
213 1810 269 1874 sed
287 1811 349 1875 tela
367 1821 472 1875 tamen
491 1833 549 1874 sua
566 1812 699 1894 quisque
717 1822 868 1876 cruentat

69 1896 147 1980 pede
164 1896 312 1980 imposito
330 1907 425 1980 caput
442 1896 602 1961 exitiabile
619 1897 742 1982 pressit,

70 2007 75 2044 t
93 1981 138 2045 ita
156 1987 258 2045 ‘sume
276 1982 337 2045 mei
355 1981 505 2065 spolium,
523 1981 696 2058 Nonacria,
714 1983 804 2047 iuris'

79 2067 174 2131 ‘etin
192 2079 313 2151 partem
332 2067 437 2130 veniat
453 2089 525 2132 mea
542 2068 643 2152 gloria
660 2067 786 2133 tecum’

70 2175 123 2216 nus
143 2153 272 2217 exuvias
290 2152 399 2237 rigidis
417 2152 575 2217 horrentia
592 2154 686 2218 saetis

70 2286 71 2293 κ
89 2239 143 2301 dat
160 2250 192 2302 et
208 2238 332 2323 magnis
349 2238 486 2325 insignia
504 2239 650 2303 dentibus
668 2261 733 2304 ora.

70 2324 180 2388 ,etitiae
198 2336 244 2388 est
263 2346 335 2388 cum
352 2347 483 2389 munere
501 2323 640 2389 muneris
657 2337 780 2391 auctor:

70 2432 121 2473 ere
140 2409 206 2485 alii,
225 2421 354 2493 totoque
372 2422 440 2474 erat
458 2410 584 2494 agmine
601 2432 753 2475 murmur.

73 2495 132 2557 bus
150 2495 269 2580 ingenti
288 2495 452 2560 tendentes
470 2495 618 2559 bracchia
634 2517 712 2560 voce

70 2604 91 2655 r,
111 2602 184 2664 age,
203 2603 262 2645 nec
278 2580 384 2644 titulos
402 2581 568 2665 intercipe,
586 2581 719 2657 femina,
737 2582 882 2658 nostros,'

70 2665 172 2729 tiadae
190 2666 327 2729 clamant
345 2673 418 2731 ‘nec
436 2679 467 2731 te
484 2666 600 2730 fiducia
616 2666 737 2732 formae

72 2750 131 2826 iat,
149 2774 189 2815 ne
214 2750 253 2813 sit
279 2750 374 2835 longe
399 2752 457 2816 tibi
475 2764 586 2837 captus
605 2774 711 2817 amore

71 2836 103 2898 ›r’
123 2847 154 2900 et
171 2836 245 2900 huie
263 2837 405 2901 adimunt
422 2860 552 2913 munus,
569 2838 619 2901 ius
636 2840 775 2903 muneris
793 2839 848 2903 illi.

71 2920 146 2996 ulit,
165 2934 197 2985 et
214 2923 336 2986 tumida
354 2923 502 2987 frendens
519 2923 698 2988 Mavortius
715 2925 763 2989 ira

71 3020 104 3071 ,te
110 3031 119 3083 3
137 3017 278 3091 raptores
297 3008 402 3072 alieni’
422 3008 501 3071 dixit
519 3007 670 3086 ‘honoria

82 3092 175 3156 minis
192 3104 345 3174 quantum
363 3094 497 3170 distent,’
516 3093 683 3179 hausitque
700 3096 839 3160 nefando

72 3200 108 3241 ra
125 3178 288 3263 Plexippi,
306 3179 351 3242 nil
368 3180 430 3243 tale
448 3180 602 3256 timentia,
620 3182 715 3246 ferro.

71 3287 104 3338 a,
123 3264 200 3345 quid
217 3264 327 3340 faciat,
346 3264 493 3341 dubium,
512 3265 690 3350 pariterque
708 3268 865 3332 volentem

71 3349 90 3411 :i
108 3348 236 3412 fratrem
254 3350 456 3432 fraternaque
474 3352 540 3414 fata
558 3351 718 3417 timentem

81 3434 199 3518 patitur
217 3434 359 3499 dubitare
378 3436 446 3511 diu,
465 3437 665 3520 calidumque
683 3438 780 3522 priori

72 3550 74 3581 =
93 3520 255 3584 recalfecit
272 3521 409 3585 consorti
427 3523 581 3607 sanguine
599 3525 707 3588 telum.

75 3628 116 3668 na
135 3607 229 3669 deum
247 3606 385 3690 templis,
404 3618 478 3671 nato
496 3608 627 3685 victore,
646 3609 779 3686 ferebat,
949 3626 1068 3681 Althaea

72 3691 156 3755 videt
174 3690 327 3755 extinctos
346 3693 458 3757 fratres
475 3693 616 3759 Althaea
632 3695 753 3761 referri.
1017 3717 1068 3765 446

76 3778 229 3862 plangore
247 3777 322 3841 dato
340 3778 467 3842 maestis
486 3780 676 3846 clamoribus
694 3780 807 3846 urbem

72 3873 88 3924 t
105 3873 138 3925 et
155 3863 273 3927 auratis
291 3864 426 3927 mutavit
442 3865 583 3930 vestibus
600 3877 695 3931 atras.

72 3947 124 4010 nul
142 3960 190 4011 est
207 3959 317 4013 auctor
333 3949 419 4013 necis
438 3949 555 4026 editus,
574 3951 690 4017 excidit
707 3951 809 4018 omnis

72 4055 96 4108 s,
116 4044 146 4096 et
165 4056 183 4096 a
200 4034 337 4100 lacrimis
354 4035 387 4099 in
405 4057 526 4120 poenae
543 4058 652 4103 versus
670 4060 808 4107 amorem
827 4052 884 4109 est.
1017 4060 1076 4133 450Ι
1102 4074 1135 4133 τ’
