2574 4478
277 228 642 288 rmrnuosrnosnou
659 229 732 285 ars.
751 230 787 286 11.
806 229 931 288 ta-ma
1072 215 1112 286 21

97 354 131 423 in
147 364 296 442 promptu
312 377 422 441 regere
440 364 496 422 est.
540 354 593 419 vix
611 377 661 419 me
678 354 849 439 patiuntur,
867 356 923 419 nbi
941 375 1028 422 acres

97 442 257 509 incaluere
274 441 384 519 animi,
403 441 571 523 cervixque
588 449 744 540 repugnat
759 439 900 506 habenis.

98 542 131 594 at
148 540 183 593 tu
188 577 198 606 ,
215 527 332 592 funesti
349 550 389 592 ne
407 527 466 591 sim
483 526 540 590 tibi
557 548 696 591 muneras
714 538 832 602 auctor,

97 626 185 691 nate,
204 635 295 689 cave,
314 613 391 676 dum
407 634 520 695 resque
538 611 625 689 sinit,
643 621 698 675 tua
716 612 836 697 corrige
854 622 937 679 vota.

98 701 217 765 scilicet
233 709 269 762 ut
285 708 392 762 nostro
409 698 551 784 genitum
569 707 601 762 te
618 696 771 782 sanguine
789 698 909 774 credas,

98 786 233 872 pignora
250 794 336 850 certa
352 783 452 868 petis?
485 783 526 847 do
543 783 676 868 pignora
694 793 779 847 certa
796 782 945 862 timendo,

100 882 131 937 et
147 869 250 956 patrio
267 879 357 954 pater
374 891 443 934 esse
459 879 547 934 metu
564 868 690 953 probor.
733 867 839 953 aspice
856 869 962 935 vultus

99 978 173 1022 ecce
189 955 290 1020 meos!
317 955 500 1037 utinamque
518 955 624 1018 oculos
642 953 675 1017 in
692 964 820 1039 pectora
836 976 944 1039 posses

98 1042 236 1106 inserere
254 1050 285 1105 et
302 1041 419 1124 patrias
435 1041 519 1104 intus
538 1039 732 1125 deprendere
749 1040 855 1104 curas!

100 1128 235 1211 denique
256 1126 407 1210 quioquid
424 1125 521 1191 habet
538 1125 641 1203 dives,
660 1125 879 1211 circumspice,
896 1126 1045 1204 mundus,

100 1235 180 1297 eque
198 1223 245 1276 tot
262 1233 299 1275 ac
317 1212 411 1275 tantis
430 1211 508 1276 oaeli
525 1221 690 1293 terraeque
707 1211 865 1294 marisque

99 1321 194 1385 posce
211 1297 301 1361 bonis
320 1295 452 1380 aliquid:
469 1295 589 1360 nullam
606 1296 726 1381 patiere
743 1298 911 1382 repulsam.

101 1386 251 1469 deprecor
267 1382 327 1446 hoc
344 1404 457 1456 unum,
475 1382 560 1464 quod
577 1403 652 1447 vero
669 1381 795 1446 nomine
812 1404 924 1468 poena,

100 1493 162 1535 non
179 1468 280 1532 honor
297 1477 358 1532 est:
375 1489 525 1553 poenam,
542 1466 723 1542 Phaethon,
740 1489 798 1552 pro
817 1490 945 1534 munere
962 1468 1080 1554 poscisl

102 1555 176 1638 quid
195 1575 266 1617 mea
283 1553 363 1617 colla
380 1564 468 1618 tenes
485 1553 625 1630 blandis,
642 1553 766 1638 ignare,
784 1553 929 1617 lacertis?

100 1665 139 1706 ne
157 1639 281 1714 dubita3
300 1638 426 1703 dabitur
441 1674 486 1685 —
503 1636 633 1723 Stygias
651 1638 823 1703 iuravimus
840 1640 942 1703 undas
959 1675 1002 1686 —

101 1726 321 1809 quodcumque
339 1724 469 1809 optaris:
488 1724 545 1788 sed
562 1735 597 1788 tu
616 1724 787 1810 sapientius
805 1725 899 1808 opta'

100 1812 223 1876 finierat
239 1810 388 1873 monitus.
432 1809 522 1874 dictis
540 1820 646 1874 tamen
662 1809 714 1875 ille
732 1822 887 1894 repugnat

101 1895 357 1982 propositumque
374 1895 488 1979 premit
504 1895 680 1980 flagratque
698 1896 845 1980 cupidine
863 1917 983 1960 currus.

102 2004 175 2068 ergo
194 2002 258 2063 qua
274 1981 361 2045 licuit
378 1980 502 2066 genitor
520 1991 698 2055 cunctatus,
717 1981 759 2045 ad
776 1981 855 2044 altos

102 2067 228 2132 deducit
245 2065 405 2143 iuvenem,
423 2065 579 2131 Volcania
595 2089 740 2142 munera,
758 2088 878 2130 currus.

104 2175 215 2217 aureus
234 2152 301 2216 axis
320 2162 400 2229 erat,
419 2162 503 2215 temo
520 2174 649 2226 aureus,
667 2174 763 2216 aurea
781 2175 921 2217 summae

103 2248 268 2303 curvatura
284 2248 385 2313 rotae,
404 2237 563 2301 radiorum
581 2247 748 2321 argenteus
766 2238 852 2301 ordo.

102 2346 158 2409 per
174 2323 251 2406 iuga
268 2321 450 2407 chrysolithi
467 2323 650 2407 positaeque
669 2345 709 2388 ex
726 2322 834 2386 ordine
851 2345 997 2406 gemmae

102 2411 185 2473 clara
201 2429 386 2492 repercusso
403 2408 578 2472 reddebant
594 2407 714 2472 lumina
730 2407 873 2471 Phoebo.

103 2495 240 2576 dumque
258 2515 296 2557 ea
312 2493 530 2577 magnanimus
547 2492 715 2557 Phaethon
732 2492 863 2556 miratur
880 2515 1023 2578 opusque

101 2577 262 2664 perspicit,
281 2600 354 2642 ecce
371 2578 448 2664 vigil
461 2578 560 2643 nitido
576 2577 726 2663 patefecit
743 2578 784 2642 ab
802 2589 873 2642 ortu

101 2686 274 2749 purpureas
292 2664 418 2727 Aurora
435 2662 519 2727 fores
537 2673 568 2727 et
584 2664 678 2748 plena
694 2685 836 2727 rosarum

102 2750 189 2814 atria.
233 2747 404 2832 diffugiunt
422 2749 544 2825 stellae,
562 2768 695 2830 quarum
714 2749 842 2834 agmina
859 2748 944 2833 cogit

101 2833 241 2910 Lucifer,
259 2844 290 2897 et
307 2833 386 2898 caeli
403 2834 536 2897 statione
553 2833 740 2898 novissimus
759 2834 832 2899 exit.

101 2941 195 3003 quem
212 2930 318 3004 petere
334 2929 371 2982 ut
388 2929 486 2984 terras
504 2919 720 3002 mundumque
736 2920 903 2985 rubescere
921 2919 998 2984 vidit

101 3026 279 3088 cornuaque
298 3015 456 3069 extremae
474 3005 561 3069 velut
578 3027 765 3070 evanescere
782 3006 886 3081 lunae,

100 3090 231 3176 iungere
249 3110 346 3172 equos
364 3089 459 3154 Titan
476 3090 636 3155 velocibus
654 3091 788 3175 imperat
804 3091 912 3155 Horis.

99 3176 185 3240 iussa
202 3175 280 3239 deae
297 3176 414 3241 celeres
431 3187 600 3261 peragunt,
618 3176 787 3261 ignemque
805 3187 966 3241 vomentes

100 3260 275 3327 ambrosiae
292 3283 368 3325 suco
386 3272 509 3325 saturos
525 3261 730 3346 praesepibus
748 3261 818 3326 altis

99 3346 320 3431 quadrupedes
338 3347 457 3410 ducunt
475 3347 656 3428 adduntque
674 3347 818 3411 sonantia
835 3347 934 3412 frena.

99 3443 166 3496 tum
183 3442 274 3516 pater
290 3453 345 3495 ora
363 3432 411 3496 sui
429 3453 518 3496 sacro
536 3433 742 3497 medicamine
758 3433 825 3496 nati

98 3517 231 3602 contigit
248 3528 280 3582 et
296 3517 424 3602 rapidae
441 3516 516 3582 fecit
532 3518 683 3602 patientia
699 3519 844 3582 flammae

97 3601 310 3687 imposuitque
328 3625 436 3667 comae
453 3602 558 3667 radios
575 3624 791 3688 praesagaque
807 3604 910 3667 luctus

96 3700 225 3775 pectore
243 3686 374 3752 sollicito
391 3699 535 3773 repetens
554 3689 686 3773 suspiria
704 3689 795 3752 dixit:

97 3775 139 3838 ‘si
156 3784 248 3859 potes
265 3772 313 3836 his
331 3773 442 3838 saltem
459 3773 584 3837 monitis
602 3797 711 3858 parere
728 3774 876 3860 parentis,

96 3881 207 3945 parce,
225 3881 313 3944 puer,
331 3858 464 3923 stimulis
482 3870 513 3924 et
529 3859 640 3923 fortius
658 3870 746 3924 utere
762 3860 847 3923 loris.

96 3955 210 4030 sponte
226 3966 285 4008 sua
302 3954 485 4029 properant:
503 3945 592 4009 labor
609 3955 657 4010 est
673 3945 813 4009 inhibere
830 3945 980 4012 volantes.

95 4045 155 4103 uec
172 4028 231 4101 tibi
249 4028 383 4098 directos
400 4031 524 4123 placeat
541 4031 593 4096 via
611 4031 749 4121 quinque
765 4053 823 4123 per
841 4053 941 4102 arcus.
