2574 4478
172 249 234 320 118
483 264 516 321 P.
536 266 659 323 ovrnn
677 262 838 322 nasonrs

170 414 267 456 causa
283 411 399 456 nocens
417 391 530 467 cladis,
547 399 724 476 pugnatum
742 400 789 454 est
806 399 873 454 arte
890 385 1049 454 medendi.

170 477 300 541 exitium
318 477 487 561 superabat
505 498 612 560 opem,
630 496 712 558 quae
728 476 813 540 victa
829 475 963 540 iacebat.

169 562 323 647 principio
340 562 462 627 caelum
481 562 582 662 spissa
599 561 733 646 caligine
750 573 849 626 terras

169 648 282 732 pressit
300 658 331 712 et
347 647 479 732 ignavos
497 647 624 711 melusit
640 646 778 710 nubibus
796 656 912 716 aestus.

102 751 153 801 530
170 734 308 816 dumque
327 742 438 815 quater
455 732 570 796 iunctis
588 732 726 816 explevit
743 732 889 796 cornibus
907 731 1017 796 orbem

169 819 260 894 luna,
277 829 390 902 quater
405 818 534 902 plenum
552 828 680 882 tenuata
696 817 832 882 retexuit
848 816 968 893 orbem,

170 903 299 968 letiferis
317 903 411 968 calidi
428 904 584 988 spirarunt
603 903 743 968 aestibus
761 903 869 966 austri.

171 1000 293 1053 constat
310 988 391 1054 etin
408 989 511 1053 fontes
529 989 641 1053 vitium
658 989 782 1054 venisse
798 989 960 1072 lacusque,

170 1074 319 1157 miliaque
336 1074 472 1138 incultos
489 1087 671 1158 serpentum
688 1075 788 1138 multa
804 1096 862 1159 per
879 1095 973 1160 agros

103 1176 152 1225 535
172 1182 290 1225 errasse
309 1170 404 1242 atque
422 1160 487 1223 suis
504 1160 616 1223 fluvios
634 1171 802 1225 temerasse
820 1159 959 1224 venenis.

171 1255 275 1330 strage
294 1266 407 1309 eanum
425 1245 526 1329 primo
544 1245 771 1327 volucrumque
789 1245 959 1328 oviumque
977 1243 1150 1328 boumque,

170 1331 266 1412 inque
283 1330 359 1394 feris
377 1330 474 1393 subiti
490 1329 645 1415 deprensa
660 1330 802 1414 potentia
818 1330 930 1394 morbi.

172 1415 335 1480 concidere
352 1415 463 1480 infelix
481 1415 601 1479 validos
619 1416 751 1479 miratur
768 1426 872 1480 arator

170 1501 252 1566 inter
268 1523 348 1585 opus
365 1511 472 1564 tauros
490 1501 658 1583 medioque
675 1501 858 1565 recumbere
875 1501 974 1566 sulco.

60 1611 61 1615 ¹
104 1603 154 1652 540
170 1587 319 1671 lanigeris
336 1585 488 1671 gregibus
506 1585 630 1650 balatus
648 1586 796 1650 dantibus
814 1609 926 1672 aegros

172 1682 283 1757 sponte
301 1694 359 1735 sua
375 1672 530 1754 lanaeque
548 1671 666 1736 cadunt
683 1683 716 1736 et
733 1693 865 1757 corpora
881 1672 999 1736 tabent.

172 1779 244 1822 acer
261 1778 361 1840 equus
379 1757 539 1839 quondam
556 1778 754 1842 magnaeque
771 1757 804 1822 in
822 1758 952 1843 pulvere
969 1757 1076 1823 famae

172 1842 343 1927 degenerat
359 1844 495 1927 palmas,
513 1853 718 1926 veterumque
735 1843 851 1907 oblitus
869 1842 1025 1907 honorum

172 1929 213 1991 ad
230 1950 401 2013 praesaepe
418 1929 517 2012 gemit
533 1929 644 1992 morbo
662 1928 831 1993 moriturus
849 1928 951 1992 inerti.

104 2028 153 2078 545
172 2035 236 2077 non
253 2035 330 2098 aper
346 2013 439 2077 irasci
456 2013 611 2090 meminit,
628 2035 692 2078 non
709 2014 806 2079 fidere
824 2036 920 2078 cursu

172 2121 278 2174 cerva,
295 2121 354 2162 nec
371 2099 519 2163 armentis
537 2099 696 2164 incurrere
713 2098 847 2163 fortibus
865 2099 940 2163 ursi.

172 2184 278 2249 omnia
295 2184 429 2268 languor
445 2184 556 2249 habet:
575 2184 724 2267 silvisque
742 2186 890 2270 agrisque
907 2185 1030 2268 viisque

172 2291 303 2355 corpora
320 2269 415 2333 foeda
431 2270 548 2334 iacent:
567 2270 717 2334 vitiantur
734 2270 883 2335 odoribus
901 2292 1007 2334 aurae.

170 2355 251 2419 mira
266 2356 392 2438 loquar:
410 2375 474 2418 non
491 2355 546 2419 illa
563 2378 656 2420 canes
674 2355 849 2438 avidaeque
866 2356 1021 2432 volucres,

103 2457 154 2507 550
170 2463 235 2505 non
253 2441 323 2504 cani
340 2440 472 2525 tetigere
489 2440 571 2525 lupi3
590 2441 712 2526 dilapsa
729 2441 907 2524 liquescunt

172 2526 352 2609 adflatuque
369 2536 483 2590 nocent
502 2538 534 2590 et
551 2538 651 2611 agunt
668 2526 816 2611 contagia
832 2527 905 2591 late.

171 2612 315 2696 pervenit
332 2611 373 2674 ad
390 2611 521 2676 miseros
539 2611 655 2676 damno
672 2612 818 2696 graviore
835 2613 961 2676 colonos

171 2696 267 2782 pestis
284 2706 316 2761 et
332 2697 365 2760 in
383 2719 517 2781 magnae
536 2696 715 2761 dominatur
731 2697 896 2761 moenibus
914 2697 1012 2763 urbis.

172 2782 293 2846 viscera
310 2792 468 2846 torrentur
483 2782 599 2866 primo,
617 2783 826 2865 flammaeque
843 2783 969 2848 latentis

103 2885 153 2934 555
171 2868 323 2932 indicium
340 2867 437 2931 rubor
454 2878 503 2932 est
520 2878 551 2932 et
568 2867 681 2932 duetus
700 2868 855 2933 anhelitus
875 2869 1000 2954 ingens.

172 2974 283 3038 aspera
299 2953 409 3038 lingua
426 2962 539 3028 tumet,
557 2954 734 3038 tepidisque
752 2953 873 3017 arentia
889 2955 991 3018 ventis

172 3061 227 3103 ora
244 3050 367 3123 patent,
385 3059 543 3121 auraeque
560 3060 674 3123 graves
693 3049 859 3123 captantur
875 3037 974 3103 hiatu.

171 3146 235 3189 non
253 3135 399 3199 stratum,
417 3145 481 3186 non
498 3124 563 3187 ulla
579 3124 646 3209 pati
663 3123 819 3188 velamina
836 3134 978 3208 possunt,

170 3210 256 3273 nuda
269 3210 325 3273 sed
342 3209 375 3271 in
393 3220 476 3272 terra
493 3220 615 3293 ponunt
631 3209 825 3294 praecordia.
868 3231 927 3273 nec
944 3209 979 3272 fit

104 3313 155 3363 560
173 3316 285 3379 eorpus
304 3294 399 3358 humo
416 3293 572 3378 gelidum,
591 3295 647 3358 sed
664 3294 779 3358 humus
798 3294 837 3358 de
855 3315 985 3379 corpore
1002 3293 1116 3361 fervet.

171 3402 230 3444 nec
247 3380 427 3444 moderator
444 3379 547 3456 adest3
564 3380 660 3462 inque
678 3380 762 3464 ipsos
780 3401 875 3444 saeva
892 3379 1056 3444 medentes

172 3464 308 3550 erumpit
326 3465 445 3541 clades,
463 3464 642 3548 obsuntque
661 3464 842 3529 auctoribus
860 3477 953 3529 artes.

172 3571 235 3633 quo
253 3549 380 3634 propior
397 3549 531 3631 quisque
549 3562 596 3615 est
614 3550 772 3633 servitque
788 3549 912 3615 fidelius
931 3571 1038 3635 aegro,

171 3636 205 3698 in
221 3646 343 3720 partem
359 3634 414 3698 leti
432 3634 523 3698 citius
541 3634 636 3699 venit.
679 3646 776 3719 utque
795 3634 903 3699 salutis

105 3740 153 3788 565
173 3744 244 3805 spes
262 3720 352 3796 abiit,
370 3720 529 3803 finemque
546 3719 655 3785 vident
671 3720 704 3784 in
722 3721 832 3785 funere
850 3720 962 3798 morbi,

172 3806 337 3890 indulgent
354 3805 481 3880 animis,
499 3816 531 3870 et
547 3805 648 3882 nulla,
666 3805 744 3888 quid
761 3806 853 3883 utile,
872 3827 948 3870 eura
966 3816 1028 3870 esta

171 3892 248 3955 utile
267 3892 350 3955 enim
368 3890 446 3954 nihil
464 3902 521 3954 est.
565 3891 683 3976 passim
700 3891 866 3976 positoque
883 3891 1005 3977 pudore

171 3975 313 4040 fontibus
331 3986 363 4040 et
378 3975 482 4040 fluviis
500 3975 667 4060 puteisque
685 3976 854 4062 capacibus
871 3977 1016 4042 haerent:

172 4083 232 4128 nec
249 4060 317 4128 sitis
335 4071 384 4129 est
401 4061 539 4128 extincta
555 4060 653 4147 prius,
672 4083 768 4148 quam
785 4061 864 4141 vita,
882 4061 1031 4128 bibendo.

743 4204 761 4241 Ὁ
