2574 4478
201 316 224 387 4
535 336 569 393 a.
589 336 891 398 ormnnasorus

203 468 235 524 et
252 457 341 525 densi
358 458 488 527 frutices
506 474 538 526 et
555 462 678 527 vinctae
696 465 812 529 cortice
829 465 948 550 virgae.

203 546 407 609 seminatum
424 546 561 632 primum
578 549 682 633 longis
700 547 845 615 Cerealia
862 551 956 615 sulcis

203 630 316 695 obruta
334 643 420 706 sunt,
438 632 601 717 pressique
617 634 693 719 iugo
710 657 860 719 gemuere
877 634 1011 702 iuvenci.

136 736 185 785 125
246 716 355 780 Tertia
371 730 443 802 post
460 719 529 781 illas
548 720 700 783 successit
716 726 814 786 aenea
830 723 944 806 proles,

203 803 326 866 saevior
342 802 476 887 ingeniis
495 815 526 867 et
544 804 585 867 ad
602 804 729 870 horrida
745 807 919 891 promptior
935 831 1032 884 arma,

202 909 266 951 non
284 887 435 952 scelerata
452 901 568 953 tamen.
585 925 629 936 —
646 890 686 955 de
704 891 783 956 duro
800 905 848 957 est
865 892 975 957 ultima
992 894 1085 959 ferro.

202 973 345 1058 protinus
362 973 474 1058 irrupit
492 997 591 1040 venae
608 976 721 1060 peioris
739 977 772 1040 in
789 1000 902 1042 aevum

203 1080 296 1122 omne
314 1058 413 1122 nefas.
456 1060 567 1143 fugere
585 1061 686 1145 pudor
704 1083 876 1145 verumque
892 1063 1048 1147 fidesque:

137 1161 186 1210 130
202 1143 236 1207 in
253 1164 388 1226 quorum
405 1144 530 1209 subiere
547 1146 651 1209 locum
668 1147 859 1231 fraudesque
876 1148 1003 1233 dolique

202 1228 397 1312 insidiaeque
415 1242 447 1294 et
465 1230 511 1293 vis
529 1243 561 1295 et
578 1254 666 1296 amor
683 1232 851 1297 sceleratus
868 1234 1014 1299 habendi.

199 1319 270 1382 vela
288 1318 385 1381 dabat
401 1320 502 1383 ventis
521 1321 635 1401 (neque
653 1322 756 1384 adhuc
774 1322 854 1384 bene
871 1330 1002 1384 noverat
1019 1316 1102 1398 illos)

199 1406 321 1481 navita,
349 1425 493 1487 quaeque
511 1403 566 1467 diu
583 1414 732 1469 steterant
747 1403 782 1467 in
798 1403 956 1467 montibus
974 1403 1054 1478 altis,

200 1491 348 1555 fluctibus
365 1489 481 1574 ignotis
498 1489 688 1554 insultavere
706 1489 838 1554 carinae.

134 1595 182 1645 135
201 1597 461 1658 communemque
476 1575 580 1660 prius,
599 1597 657 1640 ceu
674 1575 794 1638 lumina
811 1573 885 1638 solis
902 1584 934 1638 et
951 1594 1054 1649 auras,

113 1711 114 1714 ,
202 1674 313 1727 cautus
331 1661 463 1723 humum
480 1660 576 1744 longo
593 1660 729 1745 signavit
745 1660 843 1723 limite
860 1681 995 1724 mensor.

202 1770 261 1811 neo
278 1756 401 1809 tantum
419 1757 542 1829 segetes
560 1745 770 1828 alimentaque
788 1745 895 1809 debita
912 1745 999 1808 dives

201 1832 390 1917 poscebatur
405 1830 535 1905 humus,
553 1831 608 1895 sed
625 1831 704 1894 itum
722 1842 769 1895 est
785 1831 818 1894 in
836 1830 957 1894 viscera
974 1840 1088 1895 terrae:

202 1938 344 2001 quasque
361 1916 577 1980 recondiderat
596 1914 780 2001 Stygiisque
798 1916 980 1980 admoverat
997 1914 1127 1991 umbris,

136 2024 185 2073 140
202 2002 395 2067 effodiuntur
412 2023 501 2085 opes,
519 2001 713 2065 irritamenta
729 2002 894 2065 malorum.

201 2089 328 2170 iamque
344 2109 461 2151 nocens
478 2087 596 2151 ferrum
614 2087 760 2171 ferroque
777 2086 941 2152 nocentius
959 2109 1071 2150 aurum

204 2172 377 2259 prodierat3
395 2172 499 2256 prodit
516 2173 656 2248 Bellum,
675 2172 760 2255 quod
777 2184 899 2257 pugnat
915 2183 1059 2254 utroque,

205 2258 440 2343 sanguineaque
457 2280 555 2321 manu
572 2258 756 2342 crepitantia
773 2258 910 2322 concutit
928 2280 1024 2320 arma.

202 2345 318 2408 vivitur
336 2366 376 2407 ex
392 2354 483 2427 rapto
488 2367 497 2419 3
515 2365 579 2407 non
595 2344 709 2428 hospes
727 2343 768 2408 ab
784 2344 907 2428 hospite
925 2354 1022 2420 tutus,

136 2451 184 2501 145
202 2452 266 2494 non
284 2451 372 2493 socer
388 2452 408 2492 a
425 2450 556 2512 gener03
574 2428 706 2493 fratrum
725 2450 850 2512 quoque
867 2429 969 2512 gratia
985 2451 1056 2493 rara
1073 2438 1130 2494 est.

202 2516 344 2580 imminet
361 2514 456 2579 exitio
472 2514 520 2577 vir
537 2515 694 2599 coniugis,
712 2515 766 2578 illa
782 2515 899 2578 mariti:

202 2601 305 2665 lurida
321 2599 474 2664 terribiles
493 2600 625 2664 miscent
642 2599 766 2664 aconita
782 2621 949 2664 novercae:

202 2687 285 2750 filius
303 2696 375 2749 ante
393 2685 477 2749 diem
494 2685 610 2769 patrios
628 2685 757 2768 inquirit
773 2685 805 2748 in
824 2705 932 2748 annos.

202 2771 287 2835 victa
303 2770 384 2835 iacet
401 2771 515 2854 pietas3
534 2781 565 2834 et
582 2771 671 2854 virgo
690 2771 785 2834 caede
803 2770 964 2834 madentes

137 2879 186 2926 150
204 2857 313 2920 ultima
331 2856 500 2919 caelestum
518 2866 616 2919 terras
633 2857 770 2920 Astraea
786 2856 920 2938 reliquit.

245 2941 334 3004 Neve
352 2941 433 3004 foret
450 2941 540 3004 terris
558 2941 696 3005 securior
712 2939 829 3004 arduus
846 2940 964 3017 aether,
1089 2938 1215 3019 Gipanro·

204 3026 368 3090 affeotasse
385 3026 491 3090 ferunt
507 3048 640 3109 regnum
658 3026 790 3090 caeleste
809 3023 964 3110 Gigantas
1096 3008 1204 3061 mmm·

204 3112 329 3193 altaque
347 3121 511 3195 congestos
530 3111 679 3175 struxisse
697 3110 738 3174 ad
755 3111 858 3175 sidera
874 3121 1006 3175 montes.

203 3208 271 3260 tum
288 3207 378 3280 pater
395 3196 591 3279 omnipotens
608 3195 704 3260 misso
721 3196 871 3281 perfregit
889 3194 1065 3281 Olympum

137 3303 185 3351 155
203 3282 333 3345 fulmine
351 3292 382 3345 et
399 3280 536 3345 excussit
553 3281 713 3346 subiectae
730 3282 843 3346 Pelion
862 3279 974 3346 Ossae.

203 3368 316 3431 obruta
333 3366 414 3430 mole
432 3389 490 3430 sua
508 3388 580 3429 cum
598 3387 729 3451 corpora
745 3366 813 3430 dira
829 3368 976 3443 iacerent,

203 3452 362 3535 perfusam
379 3452 478 3515 multo
495 3462 642 3515 natorum
660 3453 812 3536 sanguine
829 3451 961 3517 Terram

203 3537 405 3601 immaduisse
422 3536 528 3601 ferunt
546 3536 744 3620 calidumque
762 3537 916 3602 animasse
935 3557 1087 3614 cruorem,

204 3634 250 3698 et,
268 3645 307 3686 ne
324 3624 412 3686 nulla
428 3644 504 3686 suae
522 3622 625 3706 stirpis
642 3622 833 3687 monimenta
849 3632 1020 3696 manerent,

138 3727 187 3775 160
204 3707 236 3769 in
253 3706 367 3771 faciem
384 3708 513 3772 vertisse
531 3705 703 3772 hominum.
747 3709 803 3773 sed
820 3718 851 3773 et
867 3708 921 3772 illa
937 3728 1079 3791 propago

204 3793 411 3876 contemptrix
430 3815 578 3877 superum
596 3815 770 3876 saevaeque
788 3792 967 3857 avidissima
985 3792 1090 3857 caedis

204 3888 236 3941 et
252 3876 390 3941 violenta
406 3877 480 3942 fuit:
499 3877 593 3942 soires
611 3900 629 3942 e
647 3880 799 3963 sanguine
816 3888 915 3942 natos.

246 3959 339 4041 Quae
356 3974 445 4046 pater
461 3973 496 4026 ut
513 3985 636 4026 summa
654 3963 732 4027 vidit
750 3963 916 4029 Saturnius
934 3984 1015 4040 arce,
1072 3964 1214 4017 002202'l2'2‘m

202 4046 335 4131 ingemit
352 4057 396 4123 et,
413 4048 498 4112 facto
515 4048 654 4111 nondum
672 4050 801 4135 vulgata
816 4048 933 4114 recenti
1085 4033 1196 4087 deorum.

68 4220 71 4225 ¹
137 4150 186 4205 155
203 4131 298 4203 foeda
314 4131 495 4223 Lycaoniae
513 4133 650 4213 referens
668 4135 812 4203 convivia
828 4156 965 4218 mensae,
