2574 4478
213 323 580 382 METAMORPHOSEON
596 323 669 378 LIB.
687 322 752 380 XV.
771 323 915 379 aas-756.
1017 306 1079 373 271

57 449 132 514 hinc
150 449 244 513 calidi
262 450 365 514 fontes
381 448 672 531 lentisciferumque
689 457 813 512 tenetur

56 536 224 599 Liternum
241 536 439 618 multamque
456 534 584 599 trahens
602 532 662 596 sub
679 533 805 617 gurgite
824 532 974 596 harenam

55 622 233 687 Volturnus
251 619 415 703 niveisque
432 619 582 702 frequens
602 617 754 684 Sinuessa
772 617 927 681 columbis
1100 636 1148 686 ⁷15

54 706 304 789 Minturnaeque
321 727 450 790 graves,
469 716 500 769 et
517 726 614 787 quam
631 703 799 767 tumulavit
817 703 973 778 alumnus,

55 790 313 875 Antiphataeque
331 791 444 854 domus
462 790 667 872 Trachasque
685 789 814 853 obsessa
832 788 949 873 palude

55 888 87 940 et
103 877 198 940 tellus
217 874 350 940 Circaea
368 888 399 941 et
418 876 510 960 spissi
527 875 626 938 litoris
645 874 790 939 Antium.

54 962 118 1025 huc
135 961 191 1024 ubi
209 961 372 1025 veliferam
389 973 505 1024 nautae
524 961 688 1024 advertere
706 960 844 1023 carinam

55 1045 163 1131 (asper
181 1046 345 1109 animiam
363 1057 478 1130 pontus
497 1046 587 1130 erat),
607 1046 684 1109 deus
703 1045 839 1129 explieat
857 1044 949 1109 orbes

54 1153 175 1216 perque
194 1132 281 1194 sinus
299 1131 425 1195 crebros
444 1143 475 1196 et
493 1154 611 1216 magna
628 1131 788 1194 volumina
805 1130 914 1194 labens

56 1217 174 1301 templa
192 1217 330 1301 parentis
348 1217 407 1280 init
423 1217 542 1281 flavum
561 1217 724 1301 tangentia
740 1216 825 1279 litus.

56 1323 192 1384 aequore
210 1302 334 1386 placato
352 1303 470 1387 patrias
488 1302 681 1387 Epidaurius
701 1325 770 1364 aras

53 1386 183 1470 linquit,
201 1396 233 1450 et
250 1386 384 1471 hospitio
403 1387 463 1450 sibi
480 1387 578 1451 iuncti
596 1387 734 1450 numinis
753 1409 829 1450 usus

54 1472 197 1536 litoream
216 1483 319 1536 tractu
335 1493 486 1555 squamae
504 1472 686 1557 crepitantis
704 1472 855 1536 harenam

56 1558 157 1621 sulcat
175 1569 206 1620 et
222 1557 343 1621 innisus
362 1557 575 1622 moderamine
592 1559 683 1621 navis
700 1559 734 1621 in
752 1558 816 1621 alta

54 1664 161 1790 puppe
181 1653 277 1725 caput
293 1642 412 1726 posuit,
430 1642 530 1706 donec
549 1640 761 1725 Castrumque
779 1665 947 1726 sacrasque

87 1726 172 1791 avini
190 1728 281 1791 sedes
300 1727 514 1810 Tiberinaque
532 1728 574 1791 ad
593 1728 673 1791 ostia
690 1728 786 1792 venit.

54 1811 118 1876 huc
135 1812 237 1874 omnis
255 1813 362 1896 populi
380 1813 498 1897 passim
516 1824 716 1895 matrumque
734 1837 909 1896 senumque

55 1897 150 1961 obvia
168 1897 261 1960 turba
278 1897 355 1972 ruit,
374 1918 520 1980 quaeque
538 1900 644 1983 ignes,
662 1898 792 1973 Troica,
810 1909 947 1973 servant,

55 1982 172 2057 Vesta,
191 1993 277 2058 tuos,
295 1982 442 2065 laetoque
460 1983 554 2046 deum
573 1983 709 2046 clamore
728 1982 875 2046 salutant.

54 2088 182 2150 quaque
200 2089 257 2150 per
274 2067 422 2131 adversas
440 2067 529 2130 navis
548 2068 610 2131 cita
628 2067 753 2131 ducitur
770 2068 882 2143 undas,

56 2163 129 2215 tura
147 2173 243 2235 super
260 2152 345 2235 ripas
363 2152 424 2216 aris
443 2174 483 2216 ex
501 2152 610 2216 ordine
627 2152 719 2216 factis

53 2247 144 2337 parte
162 2236 203 2300 ab
220 2247 354 2320 utraque
372 2249 486 2301 sonant
502 2252 532 2301 et
552 2239 684 2301 odorant
702 2243 776 2301 ae’ra
793 2237 904 2314 fumis,

53 2333 180 2405 lotaque
198 2321 355 2386 coniectos
372 2323 532 2387 incalfacit
548 2322 651 2386 hostia
669 2323 796 2386 cultros.

53 2407 197 2490 iamque,
215 2419 312 2492 caput
328 2429 448 2484 rerum,
466 2408 644 2472 Romanam
662 2408 833 2471 intraverat
849 2408 975 2472 urbem:

54 2493 187 2577 erigitur
205 2515 333 2577 serpens
352 2514 538 2576 summoque
556 2494 687 2558 acclinia
705 2494 788 2556 malo

54 2578 136 2642 colla
153 2591 260 2642 movet
276 2579 431 2661 sedesque
449 2579 509 2642 sibi
528 2579 739 2664 circumspicit
757 2588 856 2663 aptas.

54 2663 208 2727 scinditur
224 2663 258 2726 in
276 2664 418 2748 geminas
436 2675 541 2748 partes
560 2665 761 2728 circumfluus
780 2664 894 2728 amnis:

53 2748 165 2812 Insula
182 2769 298 2813 nomen
316 2749 424 2814 habet:
443 2750 639 2833 laterumque
657 2774 676 2813 a
694 2762 782 2834 parte
800 2750 936 2813 duorum

76 2833 187 2918 orrigit
204 2834 352 2916 aequales
369 2835 475 2898 media
492 2835 602 2898 tellure
619 2835 763 2899 lacertos.

53 2855 118 2982 huc
135 2941 170 2983 se
188 2918 228 2983 de
245 2918 342 2982 Latia
358 2920 436 3004 pinu
453 2920 635 2984 Phoebeius
654 2921 766 3006 anguis

54 3003 187 3068 contulit
205 3014 237 3067 et
252 3004 349 3068 finem
366 3005 470 3089 specie
489 3006 622 3070 caeleste
640 3017 802 3090 resumpta

52 3089 192 3154 luctibus
209 3089 360 3174 imposuit
377 3091 525 3172 venitque
544 3091 685 3154 salutifer
702 3092 783 3154 urbi.
1097 3115 1146 3162 ⁷44

96 3173 162 3238 Hic
179 3184 285 3238 tamen
303 3176 434 3239 accessit
452 3176 591 3239 delubris
611 3177 732 3240 advena
750 3176 879 3240 nostris:
949 3176 1034 3228 Iulius
1048 3177 1146 3229 Caesar

53 3256 177 3324 Caesar
188 3259 222 3321 in
234 3257 325 3324 Urbe
340 3283 398 3324 sua
411 3260 488 3324 deus
504 3272 561 3324 est.
588 3283 683 3343 quem
696 3263 802 3326 Marte
815 3272 953 3346 togaque
971 3253 995 3296 et
1005 3246 1145 3313 stupuerat.

52 3344 260 3430 praecipuum
278 3367 343 3409 non
359 3346 444 3410 bella
461 3347 562 3431 magis
581 3346 669 3409 finita
685 3347 851 3431 triumphis

52 3450 169 3512 resque
187 3430 273 3493 domi
290 3441 399 3515 gestae
417 3444 647 3516 properataque
665 3432 766 3516 gloria
783 3455 889 3495 rerum

51 3514 86 3579 in
104 3514 192 3578 sidus
209 3525 330 3580 vertere
347 3538 465 3579 novum
484 3518 669 3598 stellamque
687 3528 873 3594 comantem,

53 3620 151 3683 quam
169 3623 227 3664 sua
244 3601 421 3685 progenies.
466 3602 669 3684 nequeenim
688 3602 727 3666 dc
747 3600 893 3666 Caesaris
912 3604 990 3667 actis
1094 3624 1144 3674 750

51 3684 154 3749 ullum
173 3697 221 3749 est
237 3686 340 3749 maius
359 3707 452 3770 opus,
471 3708 566 3769 quam
584 3688 670 3769 quod
688 3698 778 3772 pater
796 3688 898 3752 extitit
915 3688 1019 3753 huius.

52 3769 173 3834 sedicet
190 3791 363 3853 aequoreos
381 3772 452 3855 plus
471 3783 518 3834 est
536 3772 694 3837 domuisse
711 3774 892 3850 Britannos,

51 3876 173 3940 perque
190 3855 362 3941 papyriferi
380 3857 565 3941 septemflua
582 3857 712 3921 flumina
730 3858 795 3921 Nili

52 3940 198 4006 victrices
216 3940 320 4025 egisse
337 3952 436 4018 rates,
455 3941 673 4025 Numidasque
691 3943 823 4008 rebelles

53 4022 315 4111 Cinyphiumque
332 4026 446 4092 Iubam
464 4027 739 4111 Mithridateisque
756 4039 930 4097 tumentem
1094 4052 1143 4102 aaa

50 4111 233 4177 nominibus
249 4111 390 4178 Pontum
406 4114 525 4199 populo
543 4113 694 4180 adiecisse
712 4112 849 4197 Quirini,
