2574 4478
173 239 235 306 144
502 252 535 308 Ρ.
554 254 679 311 OVIDII
695 251 858 311 NASONIS

171 379 239 442 visa
256 388 363 442 tamen
380 377 514 442 sensisse
532 376 730 478 famemlt
682 400 715 441 re
718 387 830 458 troque
847 374 999 440 dracones

172 463 238 549 egit
254 462 287 526 in
304 462 515 527 Haemoniam
533 462 631 527 versis
650 461 792 526 sublimis
809 460 951 524 habenis.

104 569 153 619 805
213 548 311 612 Dicta
327 547 444 612 Fames
463 545 602 625 Cereris,
619 548 763 631 quamvis
782 547 939 610 contraria
956 567 1081 631 semper

170 633 254 698 illius
273 644 320 698 est
337 633 438 717 operi,
456 632 595 718 peragit,
613 654 733 718 perque
751 637 824 696 ae'ra
841 642 935 696 vento

172 719 239 783 ιι]’
230 741 347 783 masam
365 719 469 782 delata
487 719 681 782 domumt
634 729 681 782 est
699 728 731 781 et
747 717 890 802 protinus
907 717 1004 781 intrat

173 804 317 905 sacrilegi
334 804 504 879 thalamos,
522 804 658 902 altoque·
667 825 779 887 sopore
798 802 935 866 solutum
951 837 996 848 -

171 890 271 955 noctis
290 899 357 953 erat
372 900 559 989 tempus—
575 888 710 974 geminis
727 887 928 973 amplectitur
943 887 1042 952 ulnis·

104 997 154 1046 810
172 996 268 1058 seque
286 974 353 1038 viro
370 973 503 1074 inspirat
519 973 691 1057 faucesque
709 984 739 1038 et
735 984 867 1074 pectus
886 985 917 1037 et
934 994 990 1037 ora

172 1060 269 1125 adflat
286 1060 367 1124 etin
384 1059 493 1124 vacuis
511 1059 631 1144 spargit
647 1058 765 1124 ieiunia
781 1059 881 1123 venis

172 1147 343 1228 functaque
361 1144 511 1210 mandato
528 1144 701 1210 fecundum
719 1143 834 1208 deserit
851 1145 960 1209 orbem

171 1231 267 1314 inque
284 1230 421 1295 domos
411 1253 537 1315 mopes,
556 1241 681 1294 assueta
698 1229 865 1294 revertitur
882 1240 981 1294 antra.

170 1317 250 1381 lenis
268 1317 372 1381 adhuc
390 1338 518 1380 somnus
536 1315 667 1401 placidis
685 1314 918 1415 Erysichthona
935 1313 1048 1416 pennis

104 1421 154 1473 815
171 1401 340 1467 mulcebat.
383 1424 423 1487 pe
425 1401 462 1465 tit
425 1400 531 1466 tille
549 1402 647 1486 dapes
664 1400 750 1464 sub
737 1399 880 1501 pmagine
899 1400 1001 1465 somni

172 1509 289 1571 oraque
307 1510 390 1551 vana
405 1497 513 1551 movet
530 1485 745 1569 dentemque
735 1510 769 1550 ιιι
786 1485 879 1550 dente
849 1484 1021 1572 tfatigat,

85 1611 86 1614 =
173 1584 361 1655 exercetque
378 1572 449 1636 cibo
466 1572 689 1637 delusumt
629 1583 689 1672 gut
689 1582 740 1635 tur
756 1571 843 1636 inani

172 1679 292 1743 proque
310 1657 410 1742 epulis
428 1668 538 1722 tenues
555 1657 748 1741 nequiquam
766 1657 897 1722 devorat
913 1679 1017 1722 auras.

172 1755 208 1807 ut
224 1765 299 1808 vero
318 1754 365 1808 est
382 1744 514 1828 expulsa
531 1743 634 1827 quies,
653 1741 730 1807 furit
746 1743 840 1842 ardor
856 1742 971 1807 edendi

105 1849 155 1899 820
173 1849 291 1913 perque
309 1827 417 1893 avidas
435 1828 569 1893 fauces
560 1849 777 1911 rmmensaque
794 1828 916 1892 viscera
933 1838 1056 1914 regnat.

173 1935 232 1979 nec
248 1936 351 1978 mora:
369 1913 455 1997 quod
472 1924 603 2013 pontus,
621 1915 706 1997 quod
725 1925 822 1990 terra,
840 1913 926 2014 quod
944 1914 1060 1979 educat
1076 1918 1139 1992 ae‘r,

173 2000 287 2100 poscit3
305 2012 337 2063 et
354 1999 504 2099 appositis
522 2000 664 2083 queritur
680 1998 797 2064 ieiunia
813 1999 941 2076 mensis,

172 2085 268 2168 inque
286 2084 396 2184 epulis
406 2086 515 2170 epulas
533 2085 665 2168 quaerit.
709 2085 858 2168 quodque
875 2085 1008 2150 urbibus
1027 2107 1097 2152 esse

174 2170 321 2254 quodque
338 2168 414 2235 satis
433 2192 474 2255 po
477 2182 556 2236 terat
573 2172 699 2256 populo,
719 2193 783 2234 non
801 2170 917 2235 sufficit
934 2170 1004 2247 uni3

105 2277 155 2326 825
173 2257 307 2342 plusque
325 2256 426 2341 cupit,
444 2276 507 2338 quo
525 2256 617 2341 plura
634 2278 724 2320 suam
742 2256 903 2321 demittit'
894 2280 928 2320 m
945 2257 1063 2321 alvum.

173 2353 271 2425 utque
288 2339 350 2406 fret
337 2353 405 2406 tum
421 2341 532 2441 recipit
549 2343 589 2406 de
607 2351 673 2405 tota
689 2341 820 2406 flumina
837 2352 920 2405 terra

172 2449 232 2492 nec
249 2427 380 2492 satiatur
397 2426 502 2510 aquis,
520 2427 765 2512 peregrinosque
783 2427 881 2491 ebibit
898 2450 1020 2492 amnes.

173 2523 271 2596 utque
287 2535 386 2598 rapax
403 2511 486 2597 ignis
503 2535 567 2576 non
584 2534 725 2595 unquam
743 2512 892 2577 alimenta
908 2527 1034 2577 recusat

172 2599 414 2680 innumerasque
431 2598 535 2662 trabes
553 2609 685 2674 cremat,
704 2608 735 2662 et
753 2619 817 2681 quo
834 2597 925 2682 copia
941 2599 1044 2662 maior

104 2705 155 2755 880
173 2694 219 2748 est
236 2684 290 2748 dat
278 2694 323 2760 ta,
341 2685 432 2768 plura
449 2683 541 2768 petit,
558 2683 713 2766 turbaque
730 2684 872 2747 voracior
888 2683 958 2768 ipsa
976 2694 1037 2748 est:

173 2768 218 2835 sio
230 2770 344 2870 epulas
362 2791 470 2833 omnes
483 2767 726 2916 Erysichthonis
745 2789 800 2832 ora
817 2768 954 2869 profani·

172 2854 343 2955 accipiunt,
361 2864 495 2939 poscunt
496 2876 557 2936 que
575 2853 677 2918 simul.
721 2854 810 2918 cibus
828 2853 928 2918 omnis
945 2853 977 2917 in
995 2854 1050 2919 illo

172 2963 269 3005 causa
286 2939 412 3004 cibit
365 2950 412 3004 est
416 2961 629 3024 ,semperque
646 2940 734 3003 locus
751 2939 811 3003 fit
802 2940 904 3004 manis
922 2940 1054 3005 edendo.

171 3026 298 3108 iamque
315 3025 472 3089 famet
417 3035 472 3109 pat
471 3025 533 3089 rias
552 3026 677 3107 altaque
695 3025 846 3110 voragine
864 3025 982 3090 ventris

105 3132 154 3182 835
174 3121 351 3175 attenuarat
368 3132 458 3195 opes
476 3110 558 3174 sed
549 3122 615 3175 mat
617 3122 745 3175 tenuata
763 3110 911 3176 manebat

172 3208 240 3261 tum
257 3217 384 3279 quoque
402 3195 471 3260 dira
487 3196 601 3273 fames,
619 3195 870 3280 implacataeque
886 3197 1016 3282 vigebat

172 3282 300 3346 flamma
316 3282 421 3365 gulae.
465 3281 593 3346 tandem
611 3281 773 3346 demisso'
763 3305 797 3345 ιιι
814 3282 935 3347 viscera
953 3305 1051 3348 censu

171 3368 236 3432 filia
253 3367 406 3442 restabat,
424 3388 488 3430 non
505 3367 559 3431 illo
577 3367 673 3453 digna
690 3377 829 3452 parente.

171 3453 613 3553 hancquoquevenditinops.
636 3452 799 3517 dominum
807 3465 1104 3538 generosarecusat,
1128 3454 1185 3509 Mt·

104 3560 154 3609 840
173 3551 204 3603 et
221 3539 324 3603 vicina
341 3561 414 3601 suas
432 3537 563 3602 tendens
575 3560 676 3639 super
694 3560 832 3622 aequora
848 3540 969 3624 palmas
1126 3533 1187 3577 ’Μ

173 3624 284 3725 “eripe
301 3645 352 3687 me
371 3623 512 3700 domino,
531 3623 586 3723 qui
603 3633 672 3708 rapt
674 3646 711 3688 ae
729 3625 869 3708 praemia
886 3625 977 3690 nobis

171 3709 359 3808 virginitatis
376 3709 498 3774 habes’'
518 3708 571 3772 ait.
615 3709 694 3773 haec
685 3708 797 3809 ‘Nept
798 3733 880 3775 unus
897 3711 1045 3777 hahebat.

172 3794 228 3878 qui
243 3815 336 3879 prece
353 3816 417 3858 non
435 3804 550 3879 spreta,
567 3792 711 3877 quamvis
728 3793 792 3858 iarn
810 3796 878 3859 visa
895 3798 1039 3879 sequenti

171 3891 255 3944 esset
271 3901 339 3956 ero,
357 3880 554 3980 formamque
572 3890 669 3942 novat
686 3880 871 3963 vultumque
889 3881 1012 3946 virilem

103 3987 153 4037 845
171 3963 273 4029 induit
289 3978 321 4028 et
338 3965 489 4029 cultus'
458 3987 560 4050 p1sces
578 3963 774 4048 capientibus
793 3976 892 4066 aptos.

170 4051 252 4117 hanc
269 4049 414 4115 dominus
433 4055 616 4135 spectans“
623 4071 641 4114 o
660 4072 715 4134 qur
705 4049 878 4137 'pendan‘
870 4075 900 4115 ιι
917 4075 1015 4138 parvo
