2574 4478
226 290 592 351 rmrsuonssossor
607 292 680 348 nm.
698 293 735 348 x.
754 293 898 351 1n-rcs.
1011 266 1072 346 tob

53 419 144 484 frons
163 428 244 495 erat3
262 419 345 483 unde
363 418 458 483 etiam
475 440 589 482 nornen
606 429 729 483 traxere
748 416 907 484 Cerastae.

53 517 130 570 ante
147 503 232 570 fores
249 503 362 569 horum
379 505 484 568 stabat
500 504 585 568 Iovis
603 505 747 590 Hospitis
764 527 828 569 ara.

54 589 189 674 ignarus
219 589 344 655 sceleris
377 612 472 674 quam
489 589 516 653 si
533 590 603 673 quis
621 590 775 690 sanguine
792 590 921 654 tinctam
1091 606 1139 656 att

55 676 182 740 advena
198 675 341 751 vidisset,
358 685 511 739 mactatos
529 675 669 740 crederet
684 675 750 739 1llic

54 761 209 825 lactantes
227 760 342 825 vitulos
360 760 667 842 Amathusiacasque
684 760 841 825 bidentes:

54 846 173 932 hospes
190 856 257 910 erat
274 866 395 910 caesus.
439 845 535 910 sacris
553 846 673 911 offensa
689 845 834 910 nefandis

54 930 129 1016 ipsa
145 953 219 995 suas
235 931 332 995 urbes
350 928 571 1016 Ophiusiaque
588 954 664 995 arva
680 930 813 1016 parabat

56 1017 202 1081 deserere
220 1017 303 1080 alma
320 1017 441 1082 Venus.
485 1015 566 1081 “sed
583 1016 660 1099 quid
677 1016 747 1081 loca
763 1025 868 1116 grata,
885 1015 962 1100 quid
979 1015 1073 1079 urbes
1091 1033 1141 1084 ato

55 1123 230 1187 peccavere
247 1102 356 1166 meae?
382 1100 490 1184 quod''
510 1101 589 1165 dixit
607 1110 626 1136 “
632 1102 750 1166 crimen
767 1126 799 1166 m
816 1102 896 1166 illis?

56 1186 152 1251 exilio
169 1208 304 1270 poenam
321 1187 426 1286 potius
442 1208 522 1271 gens
539 1186 636 1273 impia
651 1187 771 1272 pendat

55 1272 109 1336 vel
127 1293 219 1348 nece,
236 1272 287 1336 vel
305 1295 332 1335 sr
349 1271 426 1354 quid
443 1272 582 1336 medium
600 1282 647 1335 est
665 1272 837 1354 mortisque
855 1269 1024 1355 fugaeque.

55 1357 155 1440 idque
173 1356 249 1439 quid
266 1378 336 1421 esse
353 1366 471 1442 potest,
488 1357 549 1420 uisi
566 1378 676 1421 versae
692 1377 795 1440 poena
810 1357 974 1440 figuraei’'

56 1442 136 1504 dum
154 1441 290 1519 dubitat,
309 1462 372 1524 quo
390 1451 491 1506 mutet
507 1463 576 1516 eos,
594 1441 635 1505 ad
653 1462 770 1505 cornua
786 1442 909 1505 vultum
1092 1464 1140 1512 235

55 1527 160 1601 flexit,
178 1538 210 1590 et
226 1526 386 1591 admonita
403 1537 465 1602 est,
482 1527 561 1591 haec
577 1526 639 1590 illis
656 1549 749 1612 posse
765 1526 912 1610 relinqui:

55 1612 254 1697 grandiaque
270 1611 303 1675 in
321 1622 427 1676 torvos
445 1612 647 1676 transformat
663 1612 805 1676 membra
820 1612 980 1677 iuvencos.

101 1695 187 1762 Sunt
202 1707 308 1761 tamen
326 1697 482 1762 obscenae
499 1698 658 1763 Venerem
674 1697 880 1782 Propoetides
898 1720 994 1764 ausae
1026 1697 1141 1778 ΡΨΡΟΘ·

56 1805 129 1847 esse
144 1804 263 1867 negare
281 1782 382 1847 deam.
426 1804 483 1867 pro
501 1803 565 1865 quo
583 1806 641 1847 sua
657 1783 794 1846 numinis
811 1782 859 1846 ira
1049 1768 1118 1819 wlff·

55 1888 191 1952 corpora
208 1889 282 1931 cum
298 1867 400 1932 forma
417 1867 537 1952 primae
554 1870 701 1954 vulgasse
718 1869 875 1934 feruntur:
1092 1889 1142 1939 240

55 1964 157 2037 utque
174 1952 277 2038 pudor
295 1953 402 2029 cessit,
421 1952 612 2038 sanguisque
629 1954 771 2018 induruit
788 1954 861 2030 oris,

55 2039 89 2103 in
106 2037 246 2123 rigidum
263 2059 361 2122 parvo
379 2038 497 2102 silicem
515 2038 693 2105 discrimine
710 2061 829 2104 versae.

100 2122 193 2205 Quas
207 2123 281 2206 quia
293 2122 484 2208 Pygmalion
498 2146 613 2188 aevum
628 2147 685 2209 per
704 2127 822 2189 crimen
840 2122 975 2208 agentes,=
1029 2123 1141 2204 Pygma

55 2207 195 2284 viderat,
213 2208 352 2273 offensus
369 2208 467 2285 vitiis,
485 2230 567 2309 quae
584 2209 719 2293 plurima
735 2213 833 2273 menti
1053 2194 1115 2244 lm·

55 2292 213 2360 femineae
230 2304 342 2358 natura
360 2294 459 2370 dedit,
477 2317 545 2359 srne
562 2293 696 2380 coniuge
713 2293 838 2359 caelebs
1092 2314 1141 2363 245

55 2379 186 2445 vivebat
204 2378 395 2462 thalamique
413 2379 468 2443 diu
486 2390 628 2443 consorte
646 2379 782 2444 carebat.

55 2464 178 2529 interea
194 2464 322 2528 niveum
339 2465 419 2528 mira
436 2464 569 2529 feliciter
585 2474 652 2529 arte

56 2550 190 2635 sculpsit
207 2549 286 2614 ebur
302 2549 499 2632 formamque
517 2549 616 2627 dedit,
635 2572 699 2633 qua
716 2549 834 2614 femina
850 2549 938 2615 nasci

55 2635 145 2700 nulla
161 2645 279 2735 potest,
296 2635 463 2720 operisque
481 2636 530 2699 sui
547 2635 691 2736 concepit
708 2657 855 2699 amorem.

55 2719 189 2806 virgime
206 2731 254 2785 est
271 2742 364 2784 verae
381 2720 492 2796 facies,
509 2742 606 2803 quam
623 2743 728 2786 vivere
746 2720 854 2785 credas

56 2816 102 2882 et,
120 2803 147 2869 si
164 2825 230 2869 non
247 2805 350 2870 obstet
366 2806 555 2883 reverentia,
573 2807 654 2871 velle
671 2806 800 2871 moveri.

56 2913 108 2954 ars
126 2890 207 2955 adeo
223 2890 301 2955 latet
317 2900 384 2955 arte
402 2914 468 2955 sua.
512 2892 643 2956 miratur
661 2904 692 2956 et
708 2892 813 2956 haurit

55 2987 183 3061 pectore
199 2974 391 3061 Pygmalion
410 2976 547 3041 simulati
564 2978 702 3061 corporis
719 2978 819 3063 ignes.

56 3083 152 3146 saepe
169 3083 283 3125 manus
301 3061 387 3145 operi
406 3071 594 3146 temptantes
612 3062 772 3138 admovet,
790 3086 831 3126 an
849 3063 889 3127 sit

56 3167 186 3232 corpus,
204 3168 245 3210 an
261 3146 340 3209 illud
358 3146 449 3210 ebur:
467 3169 526 3210 neo
543 3147 647 3211 adhue
665 3147 743 3212 ebur
760 3170 827 3212 esse
844 3147 970 3212 fatetur.

57 3232 167 3296 oscula
183 3231 238 3296 dat
255 3231 408 3314 reddique
425 3241 516 3316 putat
532 3231 733 3314 loquiturque
751 3243 908 3315 tenetque,

57 3326 88 3381 et
105 3315 206 3381 credit
223 3315 315 3381 tactis
333 3316 447 3400 digitos
465 3316 601 3382 insidere
618 3316 768 3381 membris

57 3413 87 3467 et
104 3411 170 3466 met
193 3401 232 3478 't,
249 3423 373 3486 pressos
390 3401 496 3466 veniat
512 3424 553 3467 ne
569 3402 649 3466 livor
665 3402 699 3466 in
716 3413 812 3466 artus.

57 3498 88 3552 et
103 3486 200 3550 modo
217 3486 385 3551 blanditias
404 3487 546 3563 adhibet,
564 3487 658 3551 modo
676 3498 767 3573 grata
783 3487 896 3572 puellis

56 3594 189 3637 munera
206 3571 342 3649 tertuli,
361 3573 496 3636 conchas
514 3583 690 3655 teretesque
707 3572 830 3657 lapillos

56 3668 87 3722 et
103 3679 219 3742 parvas
236 3657 380 3721 volucres
398 3668 429 3721 et
445 3658 538 3722 flores
556 3657 640 3722 mille
658 3658 798 3722 colorum

54 3741 184 3824 liliaque
201 3740 365 3826 pictasque
382 3742 463 3827 pilas
481 3752 512 3808 et
529 3743 570 3807 ab
588 3743 699 3807 arbore
716 3743 820 3827 lapsas

54 3827 229 3893 Heliadum
246 3827 401 3893 lacrimas.
445 3839 536 3892 ornat
553 3849 679 3911 quoque
696 3828 837 3892 vestibus
855 3838 950 3907 artus,

54 3913 111 3976 dat
128 3911 235 3997 digitis
276 3934 409 3990 emmas,
427 3913 481 3978 dat
497 3914 592 3999 longa
609 3913 737 3978 monilia
755 3914 844 3977 collo.

52 4019 131 4062 aure
148 3997 235 4062 leves
253 3934 361 4075 bacae,
378 3998 562 4063 redimicula
579 4009 705 4084 pectore
722 3998 871 4083 pendent.
1091 4020 1141 4074 aas

51 4093 169 4150 cuneta
187 4081 309 4149 decent.
352 4106 411 4150 nec
428 4084 514 4150 nuda
532 4084 635 4148 minus
653 4083 791 4150 formosa
807 4084 940 4151 videtur.

1258 358 1263 395 l
