2574 4478
274 247 641 306 METAMORPHOSEON
658 250 730 305 LIB.
749 251 783 306 V.
802 250 946 307 259-346.
1079 236 1120 304 81

94 371 238 437 Paeonis
256 370 383 458 Euippe
400 384 502 437 mater
518 373 588 437 fuit.
631 373 686 437 illa
702 384 862 458 potentem

95 458 259 522 Lucinam
277 459 422 533 noviens,
439 457 569 523 noviens
586 458 740 543 paritura,
759 459 892 522 vocavit.

96 543 251 608 intumuit
267 564 398 608 numero
417 544 601 608 stolidarum
619 544 712 607 turba
730 565 882 620 sororum,
1138 566 1188 616 333

96 650 219 779 perque
237 639 283 693 tot
300 628 495 693 Haemonias
513 640 544 693 et
560 652 618 714 per
635 639 680 692 tot
697 630 859 693 Achaidas
877 630 972 695 urbes

121 739 164 780 uc
181 715 268 780 venit
286 726 317 779 et
334 715 389 779 tali
407 715 573 778 committit
589 714 709 798 proelia
726 736 818 778 voce:

98 801 259 866 “desinite
276 799 438 864 indoctum
455 822 538 863 vana
555 799 720 864 dulcedine
738 800 854 864 vulcus

97 886 224 951 fallere:
242 885 421 960 nobiscum,
438 885 466 949 si
483 906 547 966 qua
564 897 611 949 est
627 885 744 948 fiducia
761 853 861 962 voltis,

97 971 313 1056 Thespiades,
331 981 463 1047 certate,
481 971 569 1035 deae.
612 992 671 1035 nec
688 990 765 1034 voce
783 993 842 1035 nec
859 982 925 1036 arte
1138 994 1189 1044 313

98 1058 277 1121 vincemur:
296 1056 489 1139 totidemque
508 1078 626 1120 sumus.
670 1056 722 1120 vel
740 1057 841 1120 cedite
859 1057 961 1124 victae

98 1143 188 1208 fonte
206 1142 382 1206 Medusaeo
401 1152 432 1207 et
449 1143 599 1225 Hyantea
616 1141 799 1226 Aganippe,

98 1229 151 1293 vel
168 1250 226 1292 nos
245 1226 401 1291 Emathiis
419 1227 460 1291 ad
477 1227 623 1290 Paeonas
641 1249 742 1310 usque
759 1227 886 1291 nivosos

98 1314 250 1378 cedamus
269 1312 397 1398 campis.
441 1312 588 1376 dirimant
606 1312 777 1377 certamina
793 1313 983 1399 nymphae.''
1278 1382 1282 1391 ,

98 1409 192 1483 turpe
211 1399 340 1481 quidem
358 1397 546 1463 contendere
564 1408 646 1474 erat,
665 1398 721 1462 sed
738 1398 849 1462 cedere
866 1400 970 1464 visum
1137 1421 1187 1472 313

99 1484 235 1569 turpius.
279 1484 397 1548 electae
415 1483 520 1547 iurant
537 1505 594 1567 per
610 1483 741 1547 flumina
758 1483 917 1568 nymphae

98 1569 249 1652 factaque
267 1569 306 1632 de
324 1569 397 1633 vivo
414 1591 556 1654 pressere
574 1568 684 1632 sedilia
701 1590 788 1632 saxo.

98 1667 175 1718 tunc
194 1655 261 1719 sine
279 1664 361 1718 sorte
379 1655 465 1739 prior
482 1675 564 1736 quae
582 1676 616 1719 se
634 1664 753 1719 certare
770 1653 914 1738 professa
931 1667 988 1733 est,
1027 1673 1187 1740 (73313333.)

98 1740 184 1803 bella
202 1739 287 1804 canit
304 1762 454 1824 superum
471 1739 615 1822 falsoque
632 1738 666 1803 in
682 1739 800 1804 honore
819 1738 976 1825 Gigantas

98 1825 190 1910 ponit
208 1836 238 1889 et
256 1836 406 1890 extenuat
422 1847 610 1909 magnorum
628 1825 713 1889 facta
730 1825 876 1889 deorum:
1138 1848 1188 1898 820

98 1911 313 1992 emissumque
330 1910 395 1973 ima
412 1910 452 1975 de
470 1910 544 1975 sede
562 1910 717 1995 Typho‘e‘a
734 1921 835 1975 terrae

98 1995 265 2061 caelitibus
282 1995 395 2060 fecisse
413 2005 547 2072 metum,
566 2006 758 2078 cunctosque
776 1996 900 2062 dedisse

98 2093 191 2167 terga
207 2080 317 2166 fugae,
337 2081 437 2145 donec
454 2080 554 2144 fessos
571 2081 735 2166 Aegyptia
752 2081 845 2145 tellus

98 2166 220 2252 ceperit
237 2177 270 2230 et
286 2178 407 2251 septem
424 2165 576 2231 discretus
593 2167 627 2230 in
644 2166 725 2230 ostia
741 2166 843 2230 Nilus.

97 2252 163 2316 huc
180 2273 307 2336 quoque
325 2252 515 2336 terrigenam
532 2251 656 2317 venisse
673 2250 827 2335 Typho'e‘a
844 2262 960 2329 narrat,
1136 2273 1186 2324 333

99 2349 133 2403 31
150 2360 184 2403 33
201 2337 341 2403 mentitis
359 2359 489 2449 superos
507 2337 625 2402 celasse
642 2337 767 2421 figuris:

98 2423 256 2506 “duxque
273 2421 395 2507 gregis'
424 2422 504 2486 dixit
521 2423 582 2486 “fit
598 2423 750 2507 Iuppiter,
768 2421 853 2486 unde
870 2423 1009 2487 recurvis

97 2530 185 2573 nunc
204 2529 332 2591 quoque
348 2507 502 2571 formatus
520 2507 622 2592 Libys
640 2517 688 2573 est
705 2529 777 2571 cum
795 2507 942 2572 cornibus
960 2509 1120 2573 Hammon
1126 2534 1135 2587 3

97 2593 214 2658 Delius
231 2593 264 2656 in
282 2614 386 2668 corvo,
404 2594 508 2678 proles
526 2591 683 2658 Semeleia
700 2614 805 2677 capro,

97 2679 162 2744 fele
180 2699 269 2743 soror
284 2677 423 2753 Phoebi,
440 2678 534 2742 nivea
552 2676 703 2744 Saturnia
720 2699 827 2754 vacca,
1137 2700 1188 2751 333

120 2765 186 2828 1333
204 2764 315 2829 Venus
333 2763 439 2840 latuit,
458 2760 622 2847 Cyllenius
640 2763 733 2828 ibidis
751 2763 839 2827 alis.’'

97 2787 252 2914 hactenus
270 2849 312 2913 ad
328 2848 481 2913 citharam
497 2849 620 2913 vocalia
636 2861 778 2914 moverat
796 2871 860 2912 ora.

97 2935 261 3022 poscimur
276 2934 431 2998 Aonides.
474 2933 530 2998 sed
547 2933 679 2998 forsitan
697 2934 760 2998 otia
776 2956 838 2998 non
858 2934 929 3009 sint,

99 3043 160 3086 nec
177 3019 291 3084 nostris
309 3019 461 3105 praebere
479 3030 571 3085 vacet
587 3019 645 3084 tibi
664 3019 807 3084 cantibus
825 3019 949 3084 auresl'

99 3113 155 3172 ‘ne
174 3105 299 3182 dubita,
317 3115 520 3188 vestrumque
537 3103 615 3168 mihi
632 3105 716 3170 refer
733 3105 840 3170 ordine
858 3105 999 3171 carmen’
1137 3128 1186 3178 335

97 3192 208 3257 Pallas
226 3191 270 3255 ait
288 3189 486 3272 nemorisque
503 3190 566 3255 levi
583 3191 725 3254 consedit
741 3190 774 3254 in
791 3190 913 3254 umbra.

98 3277 199 3342 Musa
215 3276 327 3341 refert:
345 3276 506 3340 ‘dedimus
524 3298 679 3339 summam
697 3276 875 3340 certaminis
893 3275 958 3339 uni.

99 3363 202 3448 surgit
219 3373 250 3427 et
267 3361 424 3426 immissos
441 3361 559 3426 hedera
576 3361 706 3426 collecta
724 3361 853 3446 capillos

100 3447 246 3532 Calliope
264 3448 411 3531 querulas
428 3457 638 3531 praetemptat
655 3446 768 3531 pollice
786 3446 919 3511 chordas

99 3546 196 3618 atque
214 3534 294 3597 haec
310 3532 467 3618 percussis
485 3531 649 3617 subiungit
666 3532 805 3596 carmina
821 3531 936 3596 nervis.
1137 3553 1187 3604 343

99 3620 228 3706 “prima
246 3616 344 3683 Ceres
361 3638 443 3682 unco
462 3616 608 3681 olaebam
625 3616 757 3681 dimovit
774 3628 886 3693 aratro,
986 3616 1074 3684 106163
1085 3625 1108 3698 qt
1119 3618 1188 3670 Pro·

97 3706 202 3792 prima
220 3704 308 3769 dedit
323 3703 433 3788 fruges
451 3670 661 3785 alimentaque
678 3702 767 3766 mitia
785 3702 885 3778 terris,
1020 3689 1144 3754 mm)

98 3791 203 3892 prima
220 3788 307 3853 dedit
323 3789 425 3874 leges:
445 3785 571 3852 Cereris
589 3799 662 3852 sunt
680 3788 785 3851 omnia
802 3810 928 3853 munus.

97 3877 153 3941 illa
170 3874 314 3940 canenda
330 3873 408 3937 mihi
425 3884 482 3938 est.
526 3873 646 3936 utinam
663 3873 757 3936 modo
776 3872 879 3937 dicere
897 3895 1021 3957 possem

99 3960 241 4026 carmina
260 3958 356 4045 digna
373 3958 447 4023 deal
477 3968 560 4023 certe
578 3958 638 4022 dea
655 3957 792 4022 carmine
811 3958 907 4042 digna
925 3971 981 4023 est.
1137 3978 1187 4030 343

99 4057 190 4114 vasta
209 4044 377 4128 Giganteis
399 4046 516 4112 iniecta
537 4055 583 4111 est
600 4042 703 4110 insula
720 4042 870 4110 membris

150 4145 218 4195 catu
228 4143 308 4190 13111.
933 4140 951 4197 6
