2574 4478
183 267 185 271 ’
248 272 310 337 130
578 284 609 338 Ρ.
631 283 755 340 ovum
772 280 933 338 NASONIS

246 411 402 485 obstruat,
422 418 454 474 at
472 408 594 473 caelum
613 419 696 473 certe
714 417 814 492 patet:
832 406 948 470 ibimus
965 405 1048 471 illac.

247 496 353 561 omnia
370 495 544 580 possideat,
562 516 626 558 non
644 492 782 578 possidet
800 499 873 557 a'e‘ra
890 491 1018 556 Minos!

247 582 335 646 dixit.
379 591 411 646 et
427 581 551 666 ignotas
569 579 710 644 animum
727 578 854 642 dimittit
870 578 904 642 in
921 589 1014 655 artes,

246 678 455 750 naturamque
472 675 579 730 novat.
622 688 696 727 nam
713 665 803 748 ponit
819 664 852 727 in
871 663 979 728 ordine
997 686 1129 748 pennas,

180 771 230 821 190
248 778 267 817 a
285 753 415 816 minima
432 762 574 836 coeptas,
592 751 721 835 longam
738 749 881 814 breviore
900 749 1053 833 sequenti,

246 849 283 902 ut
300 838 381 902 clivo
400 838 534 903 crevisse
551 847 653 921 putes.
697 835 743 901 sic
760 836 877 900 rustica
894 836 1054 918 quondam

246 923 352 989 fistula
370 923 547 1008 disparibus
564 922 716 1006 paulatim
734 922 835 1006 surgit
852 920 969 986 avenis.

248 1021 316 1073 tum
332 1010 397 1072 lino
414 1009 534 1074 medias
552 1019 584 1072 et
601 1008 680 1072 ceris
699 1007 808 1093 alligat
824 1007 913 1084 imas,

248 1106 342 1177 atque
360 1094 405 1158 ita
421 1093 610 1178 compositas
627 1115 726 1178 parvo
745 1093 925 1158 curvamine
942 1092 1050 1171 flectit,

181 1198 230 1247 195
248 1191 284 1244 ut
300 1203 391 1244 veras
408 1179 548 1244 imitetur
565 1202 649 1244 aves.
692 1201 772 1264 puer
788 1179 898 1244 Icarus
915 1201 980 1244 una

248 1266 352 1330 stabat
369 1276 414 1342 et,
432 1265 562 1350 ignarus
580 1288 638 1329 sua
656 1287 689 1329 00
707 1274 841 1329 tractare
859 1263 986 1349 pericla,

248 1373 301 1416 ore
318 1351 473 1416 renidenti
490 1350 584 1414 modo
603 1371 682 1433 quas
699 1373 783 1435 vaga
800 1360 941 1415 moverat
959 1373 1047 1428 aura,

249 1436 396 1521 captabat
413 1437 551 1520 plumas,
569 1436 684 1500 flavam
701 1437 796 1499 modo
814 1436 927 1521 pollice
945 1457 1050 1501 ceram

155 1599 156 1603 Ἰ
248 1522 405 1596 mollibat,
423 1523 558 1604 lusuque
577 1543 634 1585 suo
652 1521 793 1586 mirabile
811 1521 909 1606 patris

181 1626 231 1675 200
249 1607 440 1691 impediebat
457 1628 546 1692 opus.
590 1618 758 1691 postquam
774 1630 887 1671 manus
904 1607 1016 1671 ultima
1032 1618 1144 1693 coepto

248 1693 395 1777 imposita
413 1703 474 1769 est,
492 1693 636 1777 geminas
654 1692 761 1777 opifex
778 1693 904 1757 libravit
921 1692 954 1756 in
972 1693 1037 1757 alas

248 1780 316 1863 ipse
334 1800 427 1842 suum
445 1799 573 1861 corpus,
590 1788 739 1860 motaque
756 1779 906 1863 pependit
923 1779 956 1842 in
973 1801 1059 1842 aura.

248 1864 374 1928 instruit
391 1874 423 1927 et
439 1875 564 1940 natum,
583 1862 777 1947 ‘medio’que
796 1871 845 1927 ‘ut
862 1864 961 1929 limite
979 1886 1097 1941 curras,

249 1949 359 2026 Icare,'
378 1949 421 2013 ait
439 1955 581 2013 ‘monecz
600 1972 655 2026 ne,
675 1950 701 2012 si
719 1949 882 2013 demissior
898 1950 970 2027 ibis,

183 2053 231 2104 205
250 2036 336 2098 unda
352 2046 463 2120 gravet
480 2057 615 2119 pennas3
634 2035 661 2098 si
679 2034 798 2112 celsior,
817 2035 899 2120 ignis
916 2037 1039 2099 adurat.

249 2120 330 2185 inter
347 2132 517 2203 utrumque
535 2120 616 2184 vola.
659 2131 767 2185 necte
785 2131 927 2205 spectare
944 2121 1069 2186 Booten

249 2215 304 2270 aut
321 2206 457 2271 Helicen
473 2205 568 2270 iubeo
586 2205 791 2289 strictumque
809 2203 938 2270 Orionis
956 2229 1078 2272 ensem:

249 2313 300 2355 me
318 2290 398 2356 duce
416 2313 509 2376 carpe
526 2291 632 2355 viam?
675 2291 792 2377 pariter
809 2303 977 2377 praecepta
993 2292 1123 2358 volandi

249 2376 345 2440 tradit
362 2386 394 2441 et
410 2376 535 2463 ignotas
552 2376 669 2441 umeris
687 2378 905 2442 accommodat
922 2379 997 2442 alas.

182 2481 233 2530 210
249 2463 330 2526 inter
347 2484 427 2547 opus
444 2462 645 2546 monitusque
662 2485 763 2548 genae
781 2463 931 2528 maduere
949 2464 1074 2541 seniles,

250 2558 281 2613 et
298 2548 417 2632 patriae
435 2558 590 2613 tremuere
607 2570 730 2612 manus.
774 2547 861 2612 dedit
879 2549 986 2613 oscula
1002 2561 1077 2613 nato

249 2632 328 2716 (non
344 2634 459 2698 iterum
476 2633 676 2718 repetendal)
694 2655 761 2698 000.
805 2634 980 2719 pennisque
997 2635 1121 2700 levatus

249 2729 322 2784 ante
339 2719 425 2783 volat
442 2721 610 2802 comitique
627 2719 725 2795 timet,
743 2721 829 2784 velut
847 2720 925 2797 ales,
944 2719 985 2784 ab
1002 2721 1066 2784 alto

249 2825 331 2887 quae
347 2816 488 2869 teneram
505 2805 625 2891 prolem
645 2805 794 2890 produxit
809 2805 843 2868 in
861 2810 935 2870 a‘e'ra
950 2805 1040 2870 nido:

182 2906 231 2955 215
248 2889 453 2974 hortaturque
472 2890 563 2973 sequi
579 2890 810 2974 damnosasque
827 2891 931 2955 erudit
948 2902 1031 2956 artes

249 2985 281 3041 et
298 2987 403 3039 movet
420 2976 487 3060 ipse
505 2998 579 3040 suas
597 2987 628 3041 et
645 2976 712 3040 nati
729 2976 856 3061 respicit
874 2976 951 3040 alas.

248 3061 307 3124 hos
325 3060 452 3143 aliquis,
472 3061 606 3125 tremula
623 3061 701 3126 dum
719 3071 824 3146 captat
840 3062 1014 3127 harundine
1032 3061 1147 3148 pisces,

249 3156 305 3210 aut
321 3157 429 3231 pastor
445 3146 558 3210 baculo
580 3147 699 3211 stivave
717 3148 843 3212 innixus
862 3162 967 3215 arator

248 3232 328 3295 vidit
345 3241 376 3296 et
393 3231 559 3317 obstipuit,
577 3236 694 3316 quique
713 3235 841 3297 aethera
859 3253 987 3317 carpere
1004 3246 1134 3318 possent

181 3333 232 3382 220
250 3316 382 3383 credidit
400 3339 468 3383 esse
486 3317 571 3382 deos.
615 3328 647 3382 et
663 3317 728 3381 iam
745 3317 881 3382 Iunonia
897 3319 989 3384 laeva

247 3413 336 3487 parte
354 3400 468 3467 Samos
485 3402 625 3485 (fuerant
642 3402 804 3486 Delosque
821 3402 985 3487 Parosque
1002 3403 1156 3490 relictae),

249 3488 361 3553 dextra
378 3488 554 3553 Lebinthos
574 3499 642 3553 erat
659 3488 859 3572 fecundaque
875 3490 969 3555 melle
987 3487 1160 3576 Calymnez

249 3594 322 3637 cum
339 3596 418 3658 puer
435 3573 547 3638 audaci
565 3575 668 3659 coepit
684 3574 824 3659 gaudere
842 3574 948 3640 volatu

250 3658 448 3741 deseruitque
467 3658 580 3724 ducem
598 3659 739 3742 caelique
757 3660 904 3745 cupidine
924 3672 1043 3728 tractus

182 3760 231 3811 220
251 3742 343 3808 altius
361 3743 426 3828 egit
442 3743 510 3809 iter.
553 3744 655 3828 rapidi
674 3744 787 3809 vicinia
805 3746 878 3810 solis

249 3828 350 3893 mollit
367 3829 527 3906 odoratas,
544 3852 719 3915 pennarum
737 3831 877 3909 vincula,
895 3853 993 3896 ceras.

250 3914 418 3978 tabuerant
435 3935 538 3980 cerae:
557 3916 659 3980 nudos
677 3914 778 3998 quatit
794 3917 847 3981 ille
864 3916 1008 3994 lacertos,

250 3998 446 4084 remigioque
464 4023 573 4066 carens
591 4023 655 4065 non
672 4001 752 4066 ullas
769 4003 901 4088 percipit
919 4026 1022 4069 auras.

252 4105 370 4170 oraque
388 4087 532 4154 caerulea
548 4088 685 4179 patrium
703 4087 870 4155 clamantia
886 4110 1003 4159 nomen
