2574 4478
231 107 598 166 METAMORPHOSEON
615 110 688 165 LIB.
707 112 757 169 IV.
776 112 920 169 448-535.
1042 99 1083 165 67

57 254 196 322 parsque
214 232 320 299 iacent
336 235 468 312 umeris,
485 258 559 319 pars
578 234 697 300 circum
714 247 843 321 pectora
860 237 967 322 lapsae

59 321 152 385 sibila
169 319 250 383 dant
267 320 451 404 saniemque
469 330 602 384 vomunt
618 321 790 406 linguaque
809 335 984 387 coruscant.

56 408 132 472 inde
150 406 233 470 duos
250 405 362 470 mediis
379 406 539 491 abrumpit
557 407 695 471 crinibus
713 431 845 491 angues,

80 491 275 573 estiferaque
292 514 389 556 manu
405 504 513 578 raptos
530 492 673 558 immisit:
691 493 786 557 atilli

56 517 221 661 incosque
240 579 327 642 sinus
344 578 638 661 Athamanteosque
656 591 818 664 pererrant

57 663 276 749 inspirantque
293 685 407 749 graves
425 664 555 728 animas.
598 687 658 729 nec
675 665 806 729 vulnera
823 665 971 732 membris

58 752 124 815 ulla
142 749 265 814 ferunt:
283 772 372 815 mens
391 759 452 826 est,
470 771 552 833 quae
570 749 655 814 diros
673 752 786 815 sentiat
804 750 895 815 ictus.

58 836 210 901 attulerat
227 856 336 900 secum
352 834 465 918 liquidi
482 857 609 920 quoque
627 848 767 900 monstra
784 837 908 915 veneni,

59 922 123 998 oris
142 918 296 986 Cerberei
313 943 442 1006 spumas
460 931 492 986 et
509 921 596 986 virus
613 921 788 997 Echidnae,

59 1027 246 1090 erroresque
264 1028 363 1092 vagos
381 1028 558 1090 caecaeque
576 1007 694 1072 oblivia
711 1007 834 1084 mentis,

59 1107 91 1159 et
107 1092 214 1158 scelus
232 1102 264 1157 et
279 1092 424 1157 lacrimas
440 1093 625 1176 rabiemque
642 1104 674 1158 et
691 1093 796 1158 caedis
814 1115 963 1171 amorem,

60 1179 167 1244 omnia
185 1177 259 1242 trita
276 1177 382 1254 simul;
402 1200 483 1262 quae
500 1179 654 1263 sanguine
672 1179 771 1244 mixta
787 1180 908 1244 recenti

60 1274 191 1330 coxerat
208 1286 281 1328 aere
299 1284 391 1339 cavo,
408 1264 501 1329 viridi
518 1275 642 1329 versata
659 1265 772 1329 cicuta.

60 1351 202 1434 dumque
220 1361 337 1434 pavent
353 1349 412 1425 illi,
424 1351 527 1434 vergit
540 1349 654 1414 furiale
671 1359 829 1414 venenum

59 1449 171 1522 pectus
189 1436 224 1499 in
241 1435 407 1499 amborum
423 1435 671 1520 praecordiaque
688 1437 798 1501 intima
815 1438 924 1502 movit.

59 1536 127 1587 tum
146 1521 218 1586 face
234 1520 350 1585 iactata
365 1543 424 1606 per
440 1521 577 1586 eundem
594 1521 721 1607 saepius
739 1522 849 1586 orbem

60 1608 265 1691 consequitur
281 1606 374 1671 motis
391 1607 541 1672 velociter
556 1607 685 1691 ignibus
702 1608 802 1694 ignes.

60 1695 105 1759 sie
123 1692 238 1758 victrix
256 1691 395 1775 iussique
412 1703 525 1778 potens
543 1693 584 1757 ad
601 1693 707 1757 inania
724 1693 833 1778 magni

60 1803 93 1845 re
140 1802 160 1843 a
177 1777 260 1843 redit
275 1776 361 1841 Ditis
379 1789 603 1862 sumptumque
620 1780 793 1864 recingitur
810 1802 958 1864 anguem.

133 1864 256 1929 rotinus
272 1863 425 1928 Aeolides
442 1864 547 1928 media
563 1864 754 1929 furibundus
772 1865 804 1928 in
823 1865 896 1928 aula

60 1951 177 2016 clamat
196 1949 256 2027 ‘io,
273 1949 418 2026 comites,
435 1949 484 2013 bis
501 1949 581 2015 retia
598 1950 715 2015 tendite
734 1950 834 2014 silvisl

59 2037 111 2102 hic
128 2035 225 2100 modo
244 2056 317 2100 cum
334 2035 461 2120 gemina
478 2035 547 2099 visa
564 2045 611 2100 est
628 2036 706 2099 mihi
723 2036 811 2120 prole
827 2035 957 2113 leaena,'

61 2133 159 2206 utque
177 2121 278 2198 ferae,
296 2121 438 2204 sequitur
455 2121 589 2206 vestigia
606 2121 749 2206 coniugis
768 2143 892 2185 amens:

60 2210 165 2292 deque
183 2208 255 2271 sinu
271 2206 380 2274 matris
396 2207 552 2272 ridentem
569 2217 600 2272 et
618 2230 717 2292 parva
733 2206 915 2271 Learchum

61 2292 210 2359 bracchia
227 2293 408 2357 tendentem
425 2292 508 2377 rapit
525 2303 557 2357 et
574 2291 623 2357 bis
641 2303 750 2375 terque
767 2314 825 2376 per
842 2314 935 2356 auras

59 2401 147 2443 more
165 2388 249 2443 rotat
266 2376 398 2455 fundae,
415 2377 582 2463 rigidoque
599 2378 733 2442 infantia
750 2399 827 2441 saxo

60 2464 190 2530 discutit
208 2485 264 2528 cra
280 2463 380 2529 ferox.
424 2474 492 2527 tum
511 2464 647 2547 denique
666 2462 789 2528 concita
805 2473 916 2538 mater,

60 2573 117 2616 seu
136 2550 226 2614 dolor
242 2548 304 2614 hoc
321 2548 397 2614 fecit
414 2572 471 2614 seu
488 2550 590 2635 sparsi
607 2572 703 2614 causa
720 2549 843 2624 veneni,

60 2636 206 2702 exululat
222 2635 387 2720 passisque
403 2635 487 2720 fugit
504 2636 586 2700 male
604 2658 682 2699 sana
699 2634 831 2720 capilhs‚

60 2734 156 2806 teque
174 2720 279 2785 ferens
296 2743 430 2805 parvum
447 2721 556 2799 nudie,
574 2721 756 2797 Melicerta,
774 2719 898 2785 lacertis

61 2807 179 2874 ‘euhoe
196 2806 337 2872 Bacche'
356 2817 456 2870 sonat.
499 2807 620 2871 Bacchi
637 2806 697 2869 sub
714 2806 840 2870 nomine
857 2805 938 2870 Iuno

59 2895 129 2958 risit
147 2903 180 2957 et
198 2892 269 2955 ‘hos
286 2915 363 2956 usus
381 2901 519 2977 praestet
536 2892 607 2956 tibi'
626 2891 705 2955 dixit
723 2891 905 2955 ‘alumnus'

60 2978 206 3043 imminet
223 2977 412 3061 aequoribus
430 2978 578 3062 scopulus
584 3003 593 3054 ;
611 3000 684 3061 pars
701 2977 766 3041 ima
783 2989 913 3041 cavatur

59 3063 210 3129 fluctibus
228 3074 259 3127 et
276 3074 375 3127 tectas
393 3062 533 3128 defendit
552 3063 593 3126 ab
610 3063 764 3127 imbribus
782 3064 894 3138 undas,

60 3172 188 3215 summa
203 3147 286 3233 riget
302 3149 501 3232 frontemque
517 3148 551 3213 in
568 3160 712 3233 apertum
729 3149 862 3233 porrigit
880 3169 1007 3231 aequor.

59 3245 198 3321 occupat
214 3235 299 3299 hunc
315 3269 359 3280 -
375 3233 458 3299 vires
474 3234 597 3298 insania
614 3233 732 3299 fecerat
748 3269 792 3280 —
807 3233 877 3309 Ino,

59 3343 159 3405 seque
177 3342 273 3404 super
289 3330 421 3404 pontum
438 3321 525 3383 nullo
543 3320 665 3384 tardata
683 3320 794 3384 timore

59 3407 157 3472 mittit
175 3427 317 3489 onusque
334 3428 438 3469 suum.
481 3428 630 3490 percussa
647 3404 811 3469 recanduit
827 3405 923 3469 unda.

60 3504 92 3557 at
109 3493 224 3559 Venus
241 3491 415 3557 immeritae
432 3491 536 3575 neptis
553 3491 701 3555 miserata
717 3491 842 3555 labores

59 3579 105 3643 sic
121 3587 238 3663 patruo
256 3575 397 3641 blandita
413 3598 471 3640 suo
490 3588 552 3641 est:
571 3582 739 3640 ‘onumen
757 3597 921 3659 aquarum,

58 3663 207 3750 proxima
224 3661 276 3726 cui
294 3662 381 3727 caelo
399 3662 506 3738 cessit,
524 3661 682 3746 Neptune,
699 3672 850 3747 potestas,

58 3772 178 3835 magna
195 3747 324 3830 quidem
342 3769 452 3832 posco,
471 3747 526 3812 sed
544 3758 579 3812 tu
596 3747 744 3812 miserere
762 3769 915 3824 meorum,

58 3836 170 3901 iactari
187 3855 269 3917 quos
286 3834 387 3897 cernis
404 3835 436 3897 in
453 3833 542 3897 Ionio
559 3833 724 3909 immenso,

59 3934 90 3991 et
107 3921 160 3987 dis
178 3919 262 3986 addc
280 3918 366 4001 tuis„
396 3919 503 4005 aliqua
520 3929 550 3986 et
567 3918 644 3985 mihi
660 3916 764 4006 gratia
780 3929 877 4005 ponto
895 3930 952 3996 est,

877 4019 912 4078 ὁ*
