2574 4478
267 222 632 282 uarruonrnosnou
648 225 721 279 mn.
739 224 790 278 m.
808 224 952 280 arc-soa
1048 189 1119 276 '189

102 345 158 413 sed
176 346 317 410 trabibus
336 347 440 411 densis
457 348 593 429 lucoque
609 347 759 411 umbrosa
776 356 915 423 vetust03
1138 366 1188 416 360

99 433 254 498 Nere'r'des
271 432 457 515 Nereusque
473 443 591 496 tenent.
634 431 692 496 hos
709 432 817 496 navita
834 432 923 517 ponti

100 518 200 583 edidit
217 540 285 581 esse
303 517 393 593 deos,
412 517 488 581 dum
506 517 584 582 retia
600 519 690 582 litore
708 517 814 582 siccat.

99 605 208 667 iuncta
224 604 314 686 palus
332 602 406 666 huic
424 613 471 668 est
489 602 593 667 densis
612 602 740 667 obsessa
758 603 885 680 salictis,

99 711 197 770 quam
215 688 423 772 restagnantis
441 686 516 753 fecit
534 688 629 751 maris
647 688 733 751 unda
749 688 907 772 paludem.

98 775 173 837 inde
192 773 317 856 fragore
335 773 424 857 gravi
442 773 552 856 strepit
569 784 600 838 et
616 774 685 837 loca
701 774 845 858 proxima
862 784 958 840 terret

99 859 195 922 belua
213 868 316 933 vasta,
334 859 442 943 lupus3
455 858 818 942 iunoisquepalustribus
836 858 900 923 exit

98 943 216 1006 oblitus
234 954 265 1006 et
283 944 402 1028 spumis
420 953 452 1008 et
469 966 596 1029 sparsus
613 943 767 1028 sauguine
784 943 881 1008 rictus

98 1029 284 1103 fulmineos,
302 1028 399 1092 rubra
416 1028 555 1092 suffusus
572 1029 692 1092 lumina
708 1028 845 1093 flamma.

98 1113 155 1196 qui
173 1134 366 1195 quamquam
384 1114 483 1179 saevit
499 1114 616 1198 pariter
633 1114 783 1197 rabieque
801 1115 958 1198 fameque,

99 1199 201 1262 acrior
219 1210 267 1262 est
284 1198 380 1263 rabie.
424 1220 528 1281 neque
546 1199 629 1262 enim
646 1199 762 1263 ieiunia
779 1211 869 1264 curat

98 1284 196 1347 caede
216 1283 312 1348 boum
329 1284 492 1367 diramque
509 1285 625 1348 famem
642 1285 745 1361 finire,
764 1285 820 1349 sed
838 1307 931 1351 omne

97 1370 245 1433 vulnerat
262 1380 438 1433 armentum
456 1371 627 1452 sternitque
645 1369 797 1434 hostiliter
815 1393 917 1436 omne.

96 1477 173 1540 pars
191 1476 318 1537 quoque
336 1455 375 1519 de
392 1455 484 1518 nobis
502 1455 626 1519 funesto
644 1455 751 1519 saucia
768 1477 884 1532 morsu,

97 1540 176 1603 dum
195 1539 409 1616 defensamus,
427 1540 489 1603 leto
507 1551 555 1604 est
572 1540 655 1604 data.
700 1542 853 1626 sanguine
870 1542 944 1607 litus

100 1625 248 1707 undaque
264 1624 367 1708 prima
383 1625 475 1689 rubet
492 1625 735 1710 demugitaeque
751 1627 892 1711 paludes.

98 1710 154 1773 sed
172 1731 261 1773 mora
279 1711 431 1774 damnosa
448 1720 509 1788 est,
527 1733 653 1776 naeres
671 1711 816 1777 dubitare
833 1712 971 1778 remittit.

97 1795 175 1858 dum
194 1806 336 1879 superest
353 1795 487 1878 aliquid,
505 1796 609 1860 cuncti
627 1818 788 1873 coeamus,
807 1810 838 1862 et
855 1821 952 1875 arma,

98 1903 188 1943 arma
205 1902 406 1964 capessamus
424 1880 653 1964 coniunctaque
670 1882 734 1946 tela
750 1882 909 1947 feramus?

98 1965 220 2028 dixerat
238 1966 379 2049 agrestis.
422 1987 481 2030 neo
497 1966 597 2030 Pelea
614 1967 730 2031 damna
745 1969 930 2045 movebant;

98 2050 169 2126 sed,
188 2071 308 2114 memor
326 2050 462 2126 admissi,
480 2051 617 2116 Nere'r'da
635 2053 754 2137 colligit
771 2054 881 2118 orbam

98 2137 214 2199 damna
232 2158 290 2200 sua
306 2135 434 2200 inferias
453 2137 589 2200 extincto
607 2138 730 2202 mittere
746 2137 866 2203 Phoco.

97 2221 229 2285 induere
247 2244 334 2285 arma
352 2221 435 2285 viros
454 2221 654 2303 violentaque
672 2245 794 2288 sumere
813 2225 875 2287 tela

97 2329 156 2369 rex
172 2306 260 2369 iubet
279 2303 419 2370 Oetaeus
425 2332 435 2383 3
453 2329 525 2370 cum
543 2307 612 2388 quis
631 2307 724 2371 simul
740 2307 808 2392 ipse
826 2309 958 2393 parabat

97 2391 154 2455 ire.
199 2391 254 2455 sed
272 2392 416 2476 Alcyone
435 2392 571 2455 coniunx
589 2391 693 2455 excita
709 2393 847 2456 tumultu

98 2475 220 2560 prosilit
238 2487 283 2551 et,
300 2477 440 2540 nondum
458 2487 539 2541 totos
558 2486 669 2541 ornata
685 2477 825 2562 capillos,

99 2561 202 2625 disicit
219 2559 276 2624 hos
293 2561 393 2646 ipsos,
412 2563 555 2644 colloque
572 2561 678 2625 infusa
694 2562 808 2639 mariti,

97 2649 201 2712 mittat
218 2660 254 2713 ut
271 2648 423 2712 auxilium
441 2649 507 2713 sine
525 2671 569 2724 se,
588 2647 755 2730 verbisque
772 2658 918 2730 precatur

95 2748 127 2800 et
144 2733 295 2810 lacrimis,
312 2733 496 2815 animasque
514 2732 592 2796 duas
609 2740 646 2794 ut
664 2739 766 2795 servet
782 2731 815 2793 in
833 2753 905 2794 una

95 2819 254 2884 Aeacides
272 2818 331 2882 illi:
350 2818 503 2903 ‘pulcros,
520 2817 643 2901 regina,
660 2815 792 2900 piosque

95 2927 179 2990 pone
196 2914 307 2968 metus.
351 2903 444 2988 plena
462 2914 509 2966 est
525 2901 670 2987 promissi
686 2901 789 2986 gratia
805 2900 910 2964 vestri.
1133 2920 1183 2969 890

95 3012 161 3053 non
178 2989 282 3074 placet
300 3011 388 3052 arma
405 2987 481 3051 mihi
499 2998 608 3052 contra
624 3008 707 3050 nova
724 2997 864 3050 monstra
882 2985 1016 3050 moveri:

95 3097 214 3138 numen
232 3073 429 3137 adorandum
445 3073 551 3158 pelagi
568 3071 635 3136 est.'
679 3081 745 3136 erat
762 3071 861 3135 ardua
878 3072 983 3149 turris,

97 3182 169 3224 arce
182 3158 249 3243 iugi
265 3181 401 3233 summa,
418 3158 510 3222 fessis
526 3159 597 3222 loca
613 3169 705 3241 grata
722 3157 845 3220 carinis.

97 3245 272 3309 ascendunt
289 3243 364 3307 illuc
382 3253 558 3326 stratosque
575 3242 608 3305 in
624 3242 715 3307 litore
732 3252 839 3306 tauros

97 3353 169 3395 oum
187 3329 309 3414 gemitu
327 3328 483 3413 aspiciunt
500 3337 751 3410 vastatoremque
769 3336 898 3391 cruento

97 3436 151 3479 ore
168 3415 286 3490 ferum,
303 3414 414 3498 longos
432 3413 584 3478 infectum
601 3414 754 3498 sanguine
771 3412 872 3476 villos.

96 3500 170 3565 inde
188 3522 300 3563 manus
319 3500 450 3563 tendens
467 3499 500 3562 in
517 3499 616 3583 aperti
632 3498 724 3562 litora
740 3499 839 3598 ponti,

98 3584 274 3650 caeruleam
291 3584 409 3648 Peleus
425 3584 633 3659 Psamathen,
652 3593 687 3647 ut
703 3583 792 3647 fimat
808 3584 898 3661 ham,

98 3683 179 3746 orat,
198 3691 353 3754 opemque
370 3668 460 3733 ferat.
503 3691 563 3733 nec
580 3669 710 3733 vocibus
727 3669 781 3733 illa
797 3666 937 3753 rogantis

97 3756 233 3820 flectitur
250 3754 426 3819 Aeacidae:
443 3754 554 3819 Thetis
571 3753 652 3818 hano
668 3775 726 3839 pro
744 3754 879 3838 coniuge
896 3755 1029 3839 supplex
1131 3774 1183 3825 400

98 3841 220 3926 accepit
237 3841 372 3904 veniam.
416 3839 472 3904 sed
490 3839 572 3905 enim
590 3850 755 3904 revocatus
772 3839 805 3903 in
822 3839 886 3903 aori

99 3926 194 3991 caede
211 3926 306 4010 lupus
323 3935 455 4010 perstat,
474 3925 639 3990 dulcedine
657 3924 819 4010 sanguinis
838 3947 944 4010 asper:

99 4013 199 4082 donec
216 4011 431 4084 inhaerentem
448 4013 570 4083 lacerae
588 4011 709 4082 cervice
725 4010 878 4082 iuvencae
