2574 4478
156 244 216 313 126
485 261 519 316 P.
538 261 663 318 OVIDII
678 258 841 318 NASONIS

104 403 137 453 10
154 385 248 450 crinis
265 384 462 461 inhaerebat,
479 385 588 470 magni
604 384 720 449 fiducia
736 385 836 471 regni.

198 470 298 537 Sexta
313 472 521 555 resurgebant
537 470 664 535 orientis
682 493 801 535 cornua
816 470 920 550 lunae,

154 567 186 623 et
202 557 361 642 pendebat
378 557 481 620 adhuc
498 556 573 621 belli
589 556 730 632 fortuna,
748 556 866 640 diuque

153 643 236 707 inter
252 654 422 725 utrumque
439 644 525 707 volat
543 642 646 705 dubiis
663 642 806 708 Victoria
822 643 946 743 pennis.

153 728 242 815 regia
259 726 352 792 turris
369 738 437 793 erat
453 727 615 792 vocalibus
633 728 740 792 addita
757 751 866 806 murrs,

105 833 136 882 15
154 815 187 878 in
206 813 320 898 quibus
338 824 481 878 auratam
498 813 601 898 proles
619 812 734 878 Letoia
750 813 850 878 fertur

154 899 336 985 deposuisse
352 899 469 984 lyram:
488 920 565 962 saxo
584 920 679 962 sonus
697 898 764 963 eius
781 898 925 966 inhaesit.

154 1008 249 1070 saepe
266 986 341 1049 illuc
359 984 449 1049 solita
467 994 514 1048 est
532 984 700 1049 ascendere
717 984 783 1048 filia
798 985 870 1049 Nisi

154 1081 186 1136 et
202 1081 309 1156 petere
326 1070 442 1155 exiguo
459 1070 638 1135 resonantia
656 1093 733 1134 saxa
749 1071 866 1154 lapillo,

153 1168 222 1221 tum
239 1178 313 1221 cum
328 1178 393 1240 pax
410 1167 502 1220 esset.
545 1155 628 1219 bello
646 1176 772 1238 quoque
790 1178 884 1240 saepe
903 1157 1025 1223 solebat

104 1261 138 1312 20
156 1252 298 1327 spectare
316 1263 356 1306 ex
372 1241 427 1304 illa
443 1240 536 1326 rigidi
554 1241 725 1305 certamina
742 1241 866 1306 Martis.

153 1328 279 1410 iamque
296 1347 386 1392 mora
402 1326 476 1391 belli
493 1347 658 1411 procerum
676 1347 802 1410 quoque
819 1328 948 1392 nomina
963 1340 1058 1393 norat

154 1435 304 1496 armaque
321 1433 481 1496 equosque
499 1412 686 1495 habitusque
705 1409 939 1496 Cydoneasque
955 1415 1127 1498 pharetras.

152 1509 284 1563 noverat
301 1509 373 1562 ante
390 1498 467 1561 alios
484 1497 598 1562 faciem
616 1497 705 1562 ducis
721 1497 892 1583 Europaei,

59 1626 60 1629 =
152 1585 224 1670 plus
242 1584 351 1660 etiam,
369 1605 465 1667 quam
483 1605 575 1648 nosse
593 1593 642 1647 sat
659 1594 716 1648 est
759 1583 819 1648 hac
836 1584 940 1649 iudice
957 1583 1077 1665 Minos,

104 1687 136 1737 25
154 1692 210 1734 seu
229 1679 324 1753 caput
341 1668 506 1733 abdiderat
523 1668 650 1732 cristata
667 1668 788 1733 casside
805 1669 928 1754 pennis,

153 1755 186 1819 in
204 1755 296 1839 galea
312 1753 468 1818 formosus
487 1766 568 1818 erat:
588 1776 644 1818 seu
662 1765 838 1839 sumpserat
855 1777 928 1819 aere

153 1840 327 1924 fulgentem
345 1839 494 1923 clipeum,
513 1839 647 1923 clipeum
665 1839 837 1924 sumpsisse
855 1839 997 1906 decebat.

154 1935 287 1989 torserat
304 1925 448 1988 adductis
465 1924 590 1988 hastilia
606 1925 691 1989 lenta
708 1925 848 1990 lacertis:

152 2010 304 2074 laudabat
321 2010 411 2094 virgo
428 2010 567 2074 iunctam
586 2032 658 2075 cum
675 2009 795 2075 viribus
813 2020 923 2076 artem.

104 2112 137 2162 30
154 2095 299 2181 imposito
318 2095 438 2160 calamo
455 2096 580 2180 patulos
598 2096 777 2160 sinuaverat
794 2118 899 2161 arcus:

154 2181 199 2245 sic
215 2181 383 2245 Phoebum
401 2182 532 2264 sumptis
549 2181 674 2245 iurabat
692 2191 774 2246 stare
792 2181 924 2267 sagittis.

154 2288 228 2331 cum
245 2288 319 2331 vero
337 2265 451 2330 faciem
469 2266 597 2350 dempto
614 2267 789 2331 nudaverat
807 2289 879 2332 aere

153 2372 393 2437 purpureusque
411 2351 475 2415 albi
493 2351 596 2416 stratis
613 2352 750 2436 insignia
766 2352 858 2437 pictis

153 2450 243 2522 terga
259 2438 421 2522 premebat
439 2437 512 2521 equi
530 2438 770 2522 spumantiaque
788 2459 843 2502 ora
859 2439 1001 2524 regebat,

103 2540 135 2589 35
153 2523 207 2587 vix
226 2545 297 2599 sua,
315 2522 370 2586 vix
387 2546 482 2588 sanae
500 2522 589 2608 virgo
607 2523 716 2587 Niseia
734 2545 860 2608 compos

153 2608 266 2673 mentis
285 2618 361 2672 erat.
405 2608 481 2673 felix
498 2608 649 2685 iaculum,
668 2609 753 2691 quod
770 2620 912 2694 tangeret
929 2609 992 2687 ille,

153 2714 297 2777 quaeque
315 2717 412 2757 manu
428 2703 598 2779 premeret,
615 2693 721 2758 felicia
737 2693 827 2759 frena
843 2695 988 2760 vocabat.

152 2779 288 2863 impetus
306 2790 354 2844 est
370 2778 429 2854 illi,
446 2780 540 2843 liceat
555 2778 664 2856 mcdc,
682 2779 765 2844 ferre
782 2802 839 2864 per
856 2801 972 2864 agmen

153 2864 312 2949 virgineos
330 2864 442 2928 hostile
459 2865 577 2949 gradus
583 2889 592 2941 ;
612 2874 660 2928 est
676 2864 812 2949 impetus
829 2865 875 2929 illi

101 2967 135 3016 40
153 2950 290 3013 turribus
307 2972 325 3013 e
344 2950 473 3013 summis
491 2950 525 3012 in
543 2948 665 3015 Gnosia
682 2950 806 3016 mittere
824 2971 937 3035 corpus

153 3046 270 3111 castra,
288 3035 340 3099 vel
358 3046 479 3099 aeratas
497 3035 580 3099 hosti
597 3035 758 3100 recludere
775 3048 893 3120 portas,

153 3121 203 3184 vel
221 3120 248 3183 si
265 3120 342 3203 quid
359 3120 467 3184 Minos
485 3120 571 3184 aliud
589 3121 673 3185 velit.
717 3131 814 3204 utque
833 3121 963 3186 sedebat

152 3205 287 3270 candida
303 3205 431 3270 Dictaei
449 3217 594 3290 spectans
611 3207 746 3270 tentoria
762 3207 855 3292 regis,

152 3291 283 3366 ‘lactea'
302 3291 346 3355 ait
363 3297 372 3326 ‘
378 3291 554 3368 doleamne,
572 3292 640 3376 geri
657 3291 849 3356 lacrimabile
866 3291 995 3369 bellum,

100 3394 134 3443 45
152 3376 185 3440 in
202 3377 299 3440 dubio
316 3387 378 3440 est:
397 3377 502 3452 doleo,
520 3376 605 3459 quod
622 3377 730 3440 Minos
748 3377 846 3441 hostis
865 3379 982 3443 amanti
1001 3390 1058 3445 est.

152 3463 208 3526 sed
225 3462 285 3526 nisi
302 3461 385 3527 bella
402 3460 519 3538 forent,
536 3484 710 3545 numquam
727 3463 804 3526 mihi
821 3463 967 3548 cognitus
985 3465 1081 3532 essetl

152 3570 203 3611 me
221 3557 327 3611 tamen
344 3558 474 3631 accepta
491 3557 613 3632 poterat
631 3547 787 3632 deponere
805 3548 923 3612 bellum

152 3633 274 3696 obside:
293 3656 343 3696 me
362 3633 523 3710 comitem,
541 3656 592 3698 me
609 3634 696 3718 pacis
713 3634 829 3718 pignus
846 3633 987 3701 haberet.

152 3718 178 3780 si
196 3740 277 3800 quae
294 3728 324 3782 te
342 3718 477 3803 peperit,
495 3719 580 3794 talis,
598 3719 807 3802 pulcherrime
824 3741 938 3796 rerum,

100 3822 134 3871 50
152 3803 253 3885 qualis
271 3826 305 3867 es
322 3803 404 3887 ipse,
422 3804 496 3881 fuit,
516 3802 624 3868 merito
642 3804 720 3868 deus
738 3805 863 3869 arsitio
880 3805 943 3869 illa.

153 3911 171 3950 0
190 3909 250 3972 ego
267 3898 315 3952 ter
332 3889 422 3966 felix,
441 3889 467 3953 si
484 3890 597 3973 pennis
614 3890 704 3974 lapsa
721 3912 778 3974 per
795 3913 887 3954 auras

154 3970 306 4038 Gnosiaci
323 3995 448 4058 possem
466 3975 575 4039 castris
592 3974 735 4042 insistere
751 3975 849 4062 regis3

151 4057 300 4147 fassaque
317 4082 368 4124 me
385 4060 591 4147 flammasque
608 4083 709 4139 meas,
727 4083 791 4148 qua
807 4061 893 4140 dote,
912 4084 1069 4150 rogarem,
