2574 4478
261 230 627 292 METAMORPHOSEON
641 234 714 291 LIB.
732 236 785 291 XI.
801 235 945 295 aaa-315.
1051 220 1112 291 187

98 379 154 423 ore
171 356 276 422 ferens
295 355 396 442 Oeyx.
439 359 493 423 illo
510 359 566 442 qui
583 370 723 444 ternpore
740 371 877 425 maestus

97 443 319 527 dissimilisque
336 444 386 508 sui
402 444 531 508 fratrem
547 445 677 530 lugebat
694 445 885 531 ademptum.

97 550 162 612 quo
180 540 347 614 postquam
364 529 521 595 Aeacides
538 529 641 594 fessus
659 552 796 614 curaque
813 533 927 615 viaque

98 614 185 678 venit
202 624 234 678 et
249 615 377 678 intravit
393 615 501 700 paucis
520 615 740 680 comitantibus
756 617 877 692 urbem,
1132 637 1181 687 275

97 720 241 783 quosque
258 722 371 785 greges
388 721 553 785 pecorum,
571 722 653 784 quae
670 724 777 766 secum
794 713 936 766 armenta
952 701 1107 780 trahebat,

97 783 185 849 haud
201 785 312 870 procul
329 808 349 849 a
364 785 462 850 muris
481 785 540 850 sub
558 807 657 870 opaca
674 787 755 852 valle
772 787 907 870 reliquit,

98 870 191 954 copia
207 893 279 935 cum
296 870 381 935 facta
398 881 446 936 est
463 871 601 935 adeundi
618 872 720 957 prima
736 873 870 956 tyranni,

98 957 276 1020 velamenta
291 979 389 1020 manu
405 957 614 1041 praetendens
632 957 787 1041 supplice,
804 959 860 1040 qui
878 958 927 1033 sit,

97 1062 226 1124 quoque
243 1051 342 1117 satus,
360 1051 520 1106 memorat.
586 1052 709 1106 tantum
726 1064 784 1106 sua
801 1043 931 1106 crimina
949 1045 1029 1108 celat
1130 1064 1181 1114 280

97 1126 309 1210 mentiturque
326 1125 423 1211 fugae
441 1148 569 1190 causam
574 1151 583 1203 3
601 1127 693 1212 petit,
711 1128 789 1191 urbe
807 1129 858 1192 vel
875 1150 952 1213 agro

97 1233 133 1275 se
149 1211 245 1276 iuvet.
289 1211 374 1275 hunc
391 1223 499 1276 contra
515 1213 639 1296 placido
657 1212 844 1276 Trachinius
862 1236 915 1278 ore

96 1296 213 1360 talibus
231 1297 413 1379 alloquitur:
432 1298 568 1361 ‘mediae
585 1319 712 1381 quoque
730 1299 894 1363 commoda
911 1298 996 1384 plebi

95 1393 205 1445 nostra
220 1391 343 1465 patent,
360 1382 474 1457 Peleu,
492 1405 551 1447 nec
568 1383 726 1468 inhospita
742 1405 841 1468 regna
858 1393 1009 1448 tenemus.

96 1466 195 1531 adicis
213 1466 287 1531 huie
304 1467 408 1532 animo
425 1479 585 1533 momenta
602 1469 755 1553 potentia,
773 1470 892 1533 clarum
1131 1489 1179 1538 28⁵

94 1574 212 1616 nomen
229 1574 387 1637 avumque
404 1553 524 1617 Iovem.
567 1575 607 1618 ne
625 1563 767 1637 tempora
783 1555 880 1640 perde
897 1554 1068 1639 precando:

95 1637 183 1720 quod
200 1638 296 1722 petis,
314 1658 406 1702 omne
423 1637 515 1702 feres.
559 1648 676 1722 tuaque
694 1638 773 1703 haee
789 1661 846 1725 pro
863 1651 952 1724 parte
969 1650 1091 1716 vocato,

95 1722 340 1806 qualiacumque
357 1722 455 1788 vides.
499 1723 619 1787 utinam
636 1725 767 1789 meliora
783 1724 934 1789 videresl’

95 1819 129 1872 et
145 1808 251 1873 flebat.
294 1821 419 1872 moveat
436 1818 539 1873 tantos
556 1830 638 1892 quae
656 1831 752 1873 causa
769 1810 901 1886 dolores,

94 1893 276 1977 Peleusque
294 1894 486 1976 comitesque
502 1906 625 1980 rogant.
668 1895 783 1979 quibus
800 1895 853 1960 ille
870 1894 1026 1979 profatur:
1130 1915 1180 1965 290

95 1977 242 2042 ‘forsitan
259 1977 341 2043 hanc
358 1980 527 2056 volucrem,
544 1991 635 2065 rapto
653 2001 734 2064 quae
751 1981 829 2044 vivit
846 1991 878 2045 et
894 2002 1002 2045 omnes
1065 1981 1179 2060 (Daeda-

95 2074 191 2129 terret
209 2086 298 2140 aves,
317 2086 440 2149 semper
456 2087 575 2149 pennas
593 2065 742 2130 habuisse
758 2067 894 2150 putetis?
1087 2049 1159 2114 Μ)

95 2149 145 2212 vir
161 2149 223 2213 fuit
237 2151 427 2228 (et—tanta
444 2161 492 2214 est
509 2150 605 2214 animi
623 2151 796 2215 constantia
812 2150 935 2217 -iam
953 2162 1020 2216 tum

95 2256 169 2298 acer
187 2245 253 2298 erat
270 2233 415 2316 belloque
433 2235 523 2298 ferox
541 2235 582 2298 ad
598 2235 726 2318 vimque
743 2245 893 2326 paratus),

95 2319 222 2383 nomine
240 2318 431 2396 Daedalion3
448 2321 532 2385 tillo
551 2324 691 2406 genitore
709 2332 842 2399 creatus,
1131 2339 1180 2388 295

96 2405 153 2488 qui
170 2414 263 2468 vocat
280 2405 438 2468 Amorem
456 2404 607 2486 caeloque
624 2405 812 2468 novissimus
830 2405 904 2470 exit.

97 2491 182 2554 culta
198 2488 276 2553 mihi
292 2512 355 2574 pax
373 2500 434 2564 est,
452 2490 539 2573 pacis
557 2487 634 2552 mihi
652 2511 727 2553 cura
744 2491 898 2555 tenendae

96 2575 297 2660 coniugiique
314 2575 388 2638 fuit:
405 2574 495 2638 fratri
512 2574 580 2638 fera
597 2574 680 2638 bella
696 2574 871 2660 placebant.

95 2661 179 2724 illius
197 2660 295 2723 virtus
313 2682 404 2744 reges
421 2670 595 2744 gentesque
612 2660 746 2744 subegit,

95 2767 178 2829 quae
196 2767 280 2810 nunc
297 2745 472 2809 Thisbaeas
490 2745 589 2830 agitat
605 2756 726 2809 mutata
743 2745 913 2808 columbas.

95 2841 171 2896 nata
189 2840 255 2894 erat
271 2828 345 2894 huic
363 2828 495 2894 Chione.
540 2851 621 2912 quae
639 2830 834 2894 dotatissima
850 2830 952 2895 forma

95 2917 182 2981 mille
199 2937 311 3000 procos
328 2915 453 2992 habuit,
472 2916 521 2979 bis
539 2928 659 2999 septem
676 2915 792 2979 nubilis
811 2915 909 2978 annis.

96 3001 178 3066 forte
197 3011 389 3066 revertentes
405 3000 556 3066 Phoebus
574 2999 725 3082 Maiaque
743 3010 876 3077 creatus,

96 3088 149 3151 ille
167 3087 232 3150 suis
250 3085 399 3170 Delphis,
417 3086 469 3150 hic
487 3085 602 3150 vertice
621 3083 784 3169 Cylleneo,

96 3172 204 3236 videre
221 3171 303 3235 hanc
320 3171 446 3256 pariter,
464 3171 580 3255 pariter
597 3182 720 3235 traxere
738 3172 882 3236 calorem.

97 3280 186 3343 spem
204 3257 338 3322 Veneris
356 3256 461 3320 differt
478 3256 511 3319 in
528 3266 670 3340 tempora
685 3257 785 3320 noctis
803 3258 935 3343 Apollo:

97 3365 161 3406 non
179 3342 240 3405 fert
256 3342 309 3406 ille
326 3362 444 3416 moras,
462 3341 614 3426 virgaque
631 3352 777 3406 movente
795 3363 940 3442 soporem

97 3426 228 3511 virginis
247 3448 281 3489 os
299 3427 409 3511 tangit.
453 3437 539 3490 tactu
555 3427 636 3490 iacet
653 3426 708 3490 illa
724 3436 843 3511 potentr

98 3513 226 3593 vimque
244 3510 294 3575 dei
312 3512 438 3596 patitur.
482 3533 546 3575 nox
563 3513 685 3575 caelum
703 3522 859 3596 sparserat
877 3512 981 3576 astris:

97 3596 249 3662 Phoebus
268 3619 363 3660 anum
381 3596 507 3660 simulat
524 3606 752 3680 praereptaque
769 3596 886 3680 gaudia
904 3597 1008 3661 sumit.
1132 3618 1183 3669 tlt)

97 3693 132 3746 ut
149 3705 209 3746 sua
225 3691 367 3746 maturus
385 3681 552 3766 complevit
568 3691 710 3766 tempora
726 3693 845 3759 venter,

98 3767 229 3853 alipedis
248 3767 287 3831 de
305 3766 400 3852 stirpe
419 3767 470 3830 dei
487 3778 613 3830 versuta
630 3787 771 3852 propago

97 3854 237 3917 nascitur
254 3852 445 3936 Autolycus,
464 3852 583 3916 furtum
600 3851 781 3938 ingeniosus
799 3852 840 3915 ad
858 3874 961 3930 omne,

98 3939 152 4021 qui
170 3939 275 4002 facere
294 3948 448 4013 assuerat,
466 3936 586 4023 patriae
604 3959 668 4001 non
686 3937 824 4022 degener
840 3938 925 4016 artis,

100 4023 233 4089 candida
250 4023 290 4089 de
307 4022 405 4111 nigris
423 4035 455 4090 et
472 4023 511 4091 de
528 4022 733 4092 candentibus
750 4032 833 4090 atrae
