2574 4478
171 306 175 313 .
225 242 266 309 88
556 255 589 310 P.
608 255 732 313 ovum
749 252 911 310 uusoms
986 298 988 302 ,

224 401 286 444 non
297 390 458 465 poteram:
476 379 563 465 longi
580 379 703 464 patiens
721 388 788 442 erat
804 377 856 442 ille
874 377 1001 442 laboris.

224 488 281 550 per
297 477 404 529 tamen
421 476 453 529 et
470 486 613 549 campos,
631 487 688 549 per
705 473 830 549 opertos
848 463 959 528 arbore
977 470 1111 538 montes,

225 574 302 614 saxa
319 571 445 633 quoque
463 560 495 615 et
511 573 606 635 rupes
624 559 670 626 et,
686 569 751 632 qua
768 549 820 613 via
837 550 938 624 nulla,
957 547 1091 612 cucurri.

183 705 187 713 ,
226 637 272 700 sol
290 647 358 700 erat
375 659 394 699 a
411 647 510 720 tergo.
553 635 619 698 vidi
637 635 825 720 praecedere
843 634 971 718 longam

159 739 207 789 615
227 731 298 786 ante
316 720 412 806 pedes
430 720 574 785 umbram
592 756 636 766 —
652 719 712 784 nisi
730 720 757 783 si
774 719 868 783 timor
883 720 938 783 illa
954 719 1083 783 videbat
1099 752 1144 766 -

225 807 281 871 sed
299 818 382 871 certe
400 805 583 888 sonitusque
600 806 719 891 pedum
736 805 887 880 terrebat,
906 815 937 868 et
953 804 1066 890 ingens

226 891 358 956 crinales
375 891 469 955 vittas
487 891 626 955 adflabat
642 890 797 955 anhelitus
815 891 887 954 oris.

225 977 310 1040 fessa
326 976 433 1040 labore
450 976 485 1040 fu
510 999 546 1040 ae
565 975 661 1041 ““fer
674 997 777 1061 opem,
795 973 1069 1060 deprendimur,''''
1087 973 1229 1058 inquam,
1259 1054 1263 1059 ³

226 1061 461 1147 ““armigerae,
479 999 599 1137 ldiana,
617 1072 705 1138 tuae,
723 1061 775 1125 cui
792 1083 887 1147 saepe
905 1061 1019 1126 dedisti

160 1164 209 1215 620
227 1146 309 1212 ferre
327 1157 398 1211 tuos
416 1169 508 1212 arcus
525 1147 710 1230 inclusaque
727 1148 791 1212 tela
808 1146 1007 1232 pharetra.”''

226 1244 311 1297 mota
328 1233 388 1298 dea
406 1243 453 1297 est
470 1232 643 1317 spissisque
659 1232 764 1297 ferens
783 1254 800 1296 e
817 1232 956 1296 nubibus
973 1254 1071 1296 unam

227 1341 278 1383 me
296 1340 392 1404 super
408 1318 524 1383 iniecit.
567 1317 681 1382 lustrat
698 1316 831 1402 caligine
850 1329 966 1382 tectam

226 1403 341 1468 Amnis
359 1414 391 1468 et
406 1403 537 1488 ignarus
554 1402 673 1468 circum
690 1425 769 1467 cava
785 1403 894 1467 nubila
911 1401 1044 1485 quaerit,

226 1488 339 1570 bisque
356 1488 476 1565 locum,
494 1509 557 1570 quo
574 1511 626 1553 me
644 1488 704 1552 dea
721 1498 857 1565 texerat,
874 1488 992 1553 inscius
1011 1487 1110 1552 ambit

126 1625 127 1629 ,
160 1590 209 1641 625
228 1585 260 1638 et
276 1574 325 1638 bis
343 1573 419 1637 ““io
436 1573 611 1648 Arethusa,
629 1573 660 1638 io
678 1573 898 1638 Arethusal'’'’
917 1574 1051 1637 vocavit.

228 1659 304 1742 quid
321 1658 399 1722 mihi
416 1670 492 1722 tuuc
510 1659 606 1722 animi
623 1658 755 1724 miserae
772 1659 852 1723 fuit?
870 1682 951 1723 anne
970 1658 1056 1741 quod
1074 1681 1177 1743 agnae
1191 1666 1248 1734 est,

228 1744 256 1808 si
272 1765 336 1827 qua
352 1744 444 1829 lupos
463 1744 551 1808 audit
568 1744 687 1809 circum
704 1744 829 1808 stabula
846 1745 910 1809 alta
926 1744 1116 1808 frementes?

228 1840 284 1893 aut
299 1829 411 1914 lepori,
429 1829 485 1912 qui
502 1851 597 1914 vepre
614 1829 716 1894 latens
734 1829 859 1894 hostilia
876 1830 974 1894 ceruit

228 1936 284 1978 ora
302 1936 416 1978 canum
433 1914 600 1996 nullosque
618 1914 714 1979 audet
731 1915 806 1979 dare
824 1936 955 2000 corpore
972 1914 1097 1979 motus?

162 2015 212 2066 636
229 2021 293 2064 666
310 2011 416 2064 tamen
434 1999 588 2077 abscedit3
605 2020 708 2082 neque
727 2001 810 2064 enim
828 2001 962 2086 vestigia
979 2000 1078 2065 cernit

229 2085 359 2173 longius¹
372 2086 436 2149 ulla
454 2085 587 2170 pedumt
606 2095 711 2150 servat
726 2086 907 2168 nubemque
925 2087 1102 2169 locumque.

230 2181 362 2256 occupat
380 2170 524 2235 obsessos
542 2171 638 2235 sudor
654 2170 732 2235 mihi
748 2171 883 2257 frigidus
900 2183 997 2248 artus,

229 2256 453 2338 caeruleaeque
471 2257 588 2320 cadunt
605 2267 670 2320 toto
688 2257 728 2320 de
746 2278 875 2342 corpore
892 2268 1011 2342 guttae.

229 2362 356 2424 quaque
373 2341 486 2427 pedem
504 2341 603 2418 movi,
621 2352 729 2406 manat
745 2341 849 2418 lacus,
868 2363 949 2425 eque
967 2341 1087 2426 capillis

163 2443 212 2493 635
230 2449 281 2491 ros
299 2427 381 2492 cadit
387 2451 396 2505 3
415 2438 446 2492 et
464 2427 569 2504 citius,
588 2448 684 2510 quam
701 2449 786 2491 nunc
804 2427 861 2490 tibi
879 2427 964 2492 facta
981 2448 1120 2504 renarro,

230 2513 262 2576 in
279 2513 388 2576 latices
406 2524 519 2577 mutor.
564 2513 620 2578 sed
638 2513 722 2577 enim
740 2513 902 2598 cognoscit
920 2524 1040 2576 amatas

230 2599 345 2661 Amnis
363 2619 476 2680 aquas,
493 2597 659 2683 positoque
676 2598 750 2674 viri,
767 2598 853 2681 quod
871 2608 1061 2683 sumpserat,
1080 2619 1135 2663 ore

230 2683 361 2746 vertitur
377 2683 411 2746 in
427 2683 584 2768 proprias,
601 2694 638 2747 ut
655 2706 689 2748 se
705 2682 783 2746 mihi
800 2684 944 2761 misceat,
962 2683 1073 2747 undas.

230 2767 325 2832 Delia
341 2769 426 2853 rupit
443 2768 589 2844 humum,
606 2768 769 2851 caecisque
788 2791 848 2854 ego
865 2791 969 2833 mersa
985 2767 1130 2832 cavernis

164 2869 214 2919 640
231 2853 371 2918 advehor
388 2851 572 2939 Ortygiam,
590 2875 673 2936 quae
689 2877 740 2918 me
759 2855 945 2939 cognomine
963 2855 1054 2918 divae

231 2949 322 3023 grata
338 2939 415 3001 mihi
433 2961 563 3023 superas
581 2938 691 3004 eduxit
707 2938 809 3024 prima
826 2940 887 3004 sub
905 2939 1038 3004 auras.’'’

272 3025 345 3087 Hac
354 3023 515 3087 Arethusa
524 3034 625 3088 tenus.
654 3024 798 3108 geminos
808 3025 868 3089 dea
876 3023 986 3089 fertilis
996 3048 1118 3111 angues
1136 3023 1250 3092 (utpo-

231 3108 374 3172 curribus
392 3108 531 3172 admovit
548 3109 708 3192 frenisque
725 3111 863 3175 coercuit
880 3131 945 3187 ors,
1140 3094 1243 3161 lemur.)

231 3205 261 3258 et
278 3194 417 3258 medium
435 3194 515 3258 caeli
531 3206 695 3279 terraeque
711 3217 769 3281 per
785 3201 859 3260 ae‘ra
876 3207 967 3260 vecta
985 3206 1032 3260 est

164 3295 213 3346 645
231 3292 325 3362 atque
342 3280 445 3344 levem
463 3301 589 3343 currum
606 3279 772 3344 Tritonida
789 3281 874 3345 misit
890 3281 923 3345 in
940 3282 1052 3346 urbem

231 3365 435 3449 Triptolemo.
479 3365 656 3450 partimque
673 3366 744 3430 rudi
761 3367 837 3430 data
854 3367 974 3431 semina
991 3366 1082 3431 iussit

232 3473 380 3536 spargere
397 3450 507 3527 humo,
525 3451 640 3535 partim
657 3463 729 3535 post
745 3462 888 3536 tempora
904 3454 1000 3537 longa
1017 3453 1167 3517 recultae.

231 3536 295 3599 iam
313 3558 408 3621 super
425 3535 576 3621 Europen
594 3536 735 3600 sublimis
753 3549 784 3601 et
802 3538 904 3600 Asida
921 3548 1037 3603 terram

233 3633 340 3686 vectus
358 3632 425 3685 erat
442 3621 578 3686 iuvenis:
598 3621 763 3706 Scythicas
781 3623 954 3688 advertitur
971 3645 1052 3687 oras.

166 3723 215 3773 656
232 3730 288 3770 rex
305 3707 350 3770 ibi
367 3706 499 3791 Lyncus
517 3719 593 3772 erat.
636 3707 720 3790 regis
738 3708 822 3771 subit
839 3708 891 3773 ille
908 3707 1057 3773 Penates.

233 3814 296 3874 qua
312 3792 431 3868 veniat,
449 3813 640 3875 causamque
657 3792 728 3857 viae
744 3814 923 3875 nomenque
940 3805 1070 3878 rogatus

233 3890 264 3940 et
281 3877 415 3961 patriam
433 3877 568 3962 “‘patria
585 3888 633 3942 est
650 3877 751 3942 clarae
769 3877 887 3955 mihi,'’'
906 3878 994 3955 dixit,
1013 3880 1208 3948 “‘Athenae:

233 3962 444 4046 Triptolemus
462 3985 585 4028 nomen.
630 3962 702 4027 veni
719 3985 777 4027 nec
793 3985 901 4064 puppe
919 3986 976 4048 per
992 3964 1104 4040 undas,

232 4069 290 4115 nec
307 4049 387 4137 pede
404 4071 461 4136 per
478 4060 590 4114 terras:
608 4049 709 4136 patuit
726 4048 803 4114 mihr
819 4048 946 4137 pervius
965 4050 1081 4118 aether.
