2574 4478
249 250 617 312 METAMORPHOSEON
632 254 706 310 ΜΒ.
724 255 762 313 IL
780 256 925 313 soc-393.
1055 242 1097 310 27

77 377 183 455 tertia,
203 398 276 444 cum
293 377 412 445 crinem
428 379 575 444 manibus
592 378 710 444 laniare
727 391 862 465 pararet,
1115 400 1165 451 350

77 465 185 531 avellit
203 464 341 530 frondes.
385 465 464 531 haec
481 466 586 551 stipite
603 488 696 530 crura
713 466 822 544 teneri,

76 551 131 616 illa
149 551 234 617 dolet
250 551 318 616 fieri
334 552 446 636 longos
464 574 522 616 sua
538 551 686 616 bracchia
703 573 818 616 ramos.

78 636 218 720 dumque
236 660 274 701 ea
291 636 454 716 mirantur,
473 637 691 723 complectitur
707 637 839 722 inguina
856 646 974 715 cortex,

76 744 198 808 perque
214 723 333 809 gradus
350 734 475 789 uterum
491 736 664 809 pectusque
682 743 871 805 umerosque
889 744 1063 810 manusque

78 809 192 884 ambit,
211 819 242 874 et
260 809 411 874 extabant
427 819 551 874 tantum
569 831 624 872 ora
641 808 787 872 vocantia
804 819 946 873 matrem.
1114 828 1164 878 35⁵

78 895 156 978 quid
173 893 269 958 faciat
286 905 395 970 mater,
413 895 487 970 nisi,
506 916 569 978 quo
587 893 690 958 trahat
706 893 842 979 impetus
860 894 955 968 illam,

77 979 142 1044 huc
160 989 211 1044 eat
228 989 323 1062 atque
340 980 415 1044 illuc
433 992 477 1057 et,
496 979 572 1044 dum
589 979 676 1056 licet,
695 980 803 1044 oscula
820 979 948 1065 iungat?

76 1088 143 1131 non
160 1065 236 1131 satis
253 1075 314 1142 est3
333 1065 451 1129 truncis
469 1066 603 1130 avellere
621 1086 752 1150 corpora
769 1074 902 1149 temptat

78 1163 110 1217 et
128 1163 252 1216 teneros
269 1151 416 1214 manibus
434 1172 537 1214 ramos
556 1150 724 1235 abrumpit.
768 1150 890 1214 atinde

78 1235 272 1322 sanguineae
289 1248 433 1311 manant,
450 1247 612 1319 tamquam
631 1235 670 1300 de
687 1236 831 1309 vulnere,
849 1246 968 1320 guttae.
1116 1256 1166 1304 360

78 1329 189 1408 ‘parce
195 1369 205 1400 ,
222 1343 344 1407 precor,
362 1322 487 1398 mater’,
506 1342 724 1404 quaecumque
743 1334 789 1384 est
808 1321 926 1395 saucia,
946 1322 1070 1399 clamat,

78 1415 203 1494 ‘parce,
221 1406 346 1492 precorl
364 1417 507 1471 nostrum
524 1408 680 1471 laceratur
696 1407 729 1469 in
747 1406 858 1470 arbore
877 1428 1000 1490 corpus.

76 1495 207 1576 iamque
223 1493 307 1557 vale'
325 1504 493 1556 —cortex
510 1492 543 1555 in
561 1492 658 1556 verba
674 1493 845 1555 novissima
862 1493 957 1556 venit.

77 1581 152 1644 inde
170 1579 271 1642 fluunt
288 1578 449 1655 lacrimae,
468 1577 646 1661 stillataque
664 1578 729 1641 sole
747 1578 907 1662 rigescunt

78 1667 119 1730 dc
137 1665 232 1728 ramis
250 1665 366 1729 electra
383 1663 487 1740 novis,
506 1686 587 1747 quse
605 1662 728 1727 lucidus
747 1663 848 1727 amnis
1117 1684 1164 1732 365

78 1750 196 1835 excipit
212 1761 244 1814 et
260 1750 392 1813 nuribus
409 1749 504 1813 mittit
521 1749 676 1834 gestanda
692 1748 826 1812 Latinis.

121 1835 239 1899 Adfuit
256 1834 330 1899 huic
347 1848 485 1899 monstro
503 1836 607 1919 proles
626 1833 805 1900 Stheneleia
825 1831 964 1919 Cycnus,
1058 1851 1166 1918 Cycnus.

78 1923 135 2007 qui
153 1921 211 1985 tibi
227 1932 370 1985 materno
388 1921 532 2004 quamvis
550 1944 570 1984 a
586 1920 740 2005 sanguine
758 1921 894 1997 iunctus,

78 2018 185 2072 mente
203 2017 322 2083 tamen,
340 2005 522 2082 Phaethon,
540 2006 668 2091 propior
685 2005 755 2069 fuit.
799 2006 851 2070 ille
868 2006 976 2070 relicto

79 2093 169 2176 (nam
187 2091 346 2178 Ligurum
363 2093 496 2177 populos
514 2104 545 2156 et
563 2114 695 2176 magnas
713 2101 837 2156 rexerat
853 2091 963 2176 urbes)
1118 2111 1168 2158 tto

78 2177 211 2264 imperio
229 2178 313 2262 ripas
332 2177 447 2242 virides
466 2199 654 2260 amnemque
672 2177 807 2260 querelis

78 2264 257 2330 Eridanum
274 2263 420 2347 implerat
438 2263 613 2347 silvamque
631 2262 790 2326 sororibus
808 2272 948 2325 auctam:

79 2372 155 2415 cum
171 2371 234 2413 vox
251 2361 299 2413 est
316 2359 445 2413 tenuata
462 2349 539 2425 viro,
558 2368 717 2430 canaeque
736 2347 866 2430 capillos

80 2434 278 2500 dissimulant
294 2434 436 2517 plumae,
455 2435 633 2516 collumque
652 2456 671 2496 a
687 2442 813 2516 pectore
830 2433 924 2516 longe

78 2519 260 2607 porrigitur,
279 2519 457 2604 digitosque
474 2519 553 2604 ligat
569 2520 715 2582 iunctura
731 2517 891 2592 rubentes

78 2628 185 2692 penna
201 2605 285 2668 latus
313 2605 410 2681 velat,
428 2615 514 2669 tenet
531 2626 566 2668 os
585 2604 651 2669 sine
669 2603 813 2667 acumine
830 2614 975 2666 rostrum.

79 2693 115 2756 fit
132 2712 215 2754 nova
234 2687 363 2774 Cycnus
382 2689 463 2767 avis3
481 2711 540 2754 nec
559 2712 592 2753 se
611 2689 760 2771 caeloque
778 2688 912 2770 Iovique

80 2776 193 2852 credit,
209 2786 247 2839 ut
263 2775 378 2840 iniuste
395 2774 483 2839 missi
501 2797 621 2839 memor
638 2774 720 2860 ignis
738 2774 778 2837 ab
796 2773 863 2837 illo:

79 2873 194 2947 stagna
210 2861 289 2947 petit
306 2861 493 2946 patulosque
510 2861 613 2936 lacus3
630 2860 800 2945 ignemque
818 2880 959 2944 perosus,

79 2969 162 3032 quae
180 2947 276 3023 colat,
294 2946 390 3031 elegit
407 2945 562 3009 contraria
579 2945 709 3009 fiumina
725 2945 869 3008 flammis.

122 3031 295 3115 Squalidus
312 3031 431 3096 interea
448 3031 572 3116 genitor
588 3029 796 3095 Phaethontis
814 3043 845 3094 et
863 3052 975 3114 expers

77 3119 147 3205 ipse
165 3117 215 3181 sui
232 3116 367 3192 decoris,
386 3117 487 3199 qualis
506 3139 578 3181 oum
596 3116 700 3180 deficit
718 3116 826 3179 orbem

79 3225 149 3270 esse
167 3203 260 3278 solet,
278 3201 444 3284 lucemque
463 3201 529 3265 odit
546 3223 641 3284 seque
659 3201 728 3285 ipse
745 3200 901 3282 diemque,

79 3291 197 3371 datque
215 3287 355 3351 animum
371 3287 404 3350 in
422 3288 525 3351 luctus
543 3297 574 3350 et
590 3286 727 3350 luctibus
745 3285 839 3350 adicit
856 3285 935 3348 iram

78 3374 282 3456 officiumque
299 3384 396 3456 negat
413 3373 542 3436 mundo.
587 3371 690 3435 ‘satis'
708 3370 810 3454 inquit
828 3371 882 3433 ‘ab
901 3370 970 3435 aevi

78 3482 147 3525 sors
165 3480 236 3523 mea
252 3457 413 3558 principiis
430 3458 491 3522 fuit
507 3458 696 3540 inrequieta,
714 3457 864 3542 pigetque

78 3556 222 3610 actorum
240 3565 307 3608 stne
324 3543 386 3607 fine
404 3543 495 3619 mihi,
514 3543 581 3607 sine
599 3542 717 3607 honore
734 3542 888 3606 laborum.

77 3630 211 3714 quilibet
228 3629 306 3693 alter
323 3639 399 3714 agat
415 3639 574 3713 portantes
591 3627 710 3692 lumina
728 3626 851 3691 currus!

78 3716 105 3781 si
122 3736 216 3780 nemo
235 3725 296 3789 est,
314 3735 486 3797 omnesque
504 3713 555 3777 dei
571 3735 634 3776 non
652 3735 745 3798 posse
763 3712 910 3786 fatentur,

77 3802 146 3886 ipse
163 3810 254 3885 agat,
271 3808 307 3862 ut
324 3800 451 3876 saltem,
470 3799 545 3862 dum
563 3809 685 3863 nostras
703 3806 835 3882 temptat
853 3797 1003 3875 habenas,

78 3887 229 3951 orbatura
244 3895 349 3969 patres
368 3884 536 3967 aliquando
553 3883 686 3948 fulmina
702 3891 809 3968 ponat.

77 3983 144 4036 tum
163 3970 256 4046 sciet,
273 3969 456 4056 ignipedum
476 3970 557 4034 vires
575 3981 722 4054 expertus
741 3989 903 4051 equorum,

76 4079 141 4122 non
157 4054 311 4122 meruisse
328 4077 451 4131 necem,
470 4056 525 4140 qui
541 4077 605 4119 non
623 4056 704 4120 bene
721 4054 837 4119 rexerit
853 4052 942 4118 illos?
