2574 4478
138 275 505 333 METAMORPHOSEON
522 276 595 331 LlB.
614 275 666 331 ΙΙΙ.
684 275 812 331 42-129.
940 258 980 324 41

79 412 111 466 at
129 414 161 466 et
177 401 292 466 virides
312 402 478 487 aspergine
496 401 632 466 tinxerat
649 401 777 466 herbas:

78 511 107 553 re
126 489 240 552 vulnus
258 499 339 564 erat,
357 488 432 571 quia
450 510 484 552 se
501 487 682 552 retrahebat
699 487 740 551 ab
757 487 822 551 ictu

78 597 113 638 ue
132 574 212 638 colla
229 573 326 637 dabat
342 584 425 637 retro
444 573 634 659 plagamque
652 572 760 637 sedere

78 661 104 724 lo
123 660 250 724 arcebat
266 681 326 724 nec
343 659 469 743 longius
486 659 532 723 ire
549 658 686 723 sinebat:

82 745 283 831 Agenorides
300 745 476 809 coniectum
493 745 527 808 in
543 755 673 830 guttura
687 743 808 808 sermm
1003 761 1036 813 90

83 853 219 915 sequens
236 829 363 916 pressit,
383 831 458 894 dum
475 839 559 894 retro
577 851 711 913 quereus
729 829 816 895 eunti

78 929 99 992 t,
118 929 149 981 et
166 917 230 981 fixa
247 927 295 981 est
312 915 429 1000 pariter
446 938 518 980 cum
536 916 648 980 robore
666 915 782 980 cervix.

78 1026 104 1067 re
122 1002 274 1087 serpentis
292 1012 423 1065 curvata
441 1012 489 1065 est
506 1002 600 1066 arbor
617 1010 649 1066 et
665 1001 730 1064 ima

78 1087 225 1172 flagellari
242 1087 364 1171 gemuit
381 1109 439 1150 sua
456 1086 571 1151 robora
588 1087 718 1151 caudae.

78 1174 198 1258 patium
215 1173 316 1237 victor
333 1172 408 1236 victi
425 1173 602 1237 considerat
619 1173 728 1250 hostis,
1004 1190 1036 1242 95

78 1259 152 1322 [bito
170 1258 278 1322 audita
296 1269 353 1322 est.
388 1278 492 1339 neque
510 1268 577 1322 erat
594 1279 785 1344 cognoscere
802 1266 994 1341 promptum,

84 1346 140 1408 sed
158 1343 267 1407 audita
284 1355 344 1408 est:
363 1343 465 1426 ‘quid,
481 1344 632 1428 Agenore
649 1355 732 1420 nate,
750 1354 948 1427 peremptum

78 1441 144 1494 ,tem
161 1429 305 1513 spectas?
323 1439 354 1493 et
372 1439 405 1492 tu
424 1429 606 1513 spectabere
624 1428 773 1514 serpens!

78 1539 91 1578 1
109 1515 244 1599 pavidus
261 1514 378 1598 pariter
395 1536 468 1579 cum
485 1526 590 1580 mente
608 1515 745 1579 colorem

79 1612 159 1677 erat,
178 1599 348 1684 gelidoque
366 1621 475 1665 comae
493 1611 610 1666 terrore
626 1600 782 1686 rigebant.
1006 1618 1055 1670 100

81 1686 119 1750 iri
137 1685 255 1749 fautrix
273 1707 403 1771 superas
422 1685 552 1771 delapsa
568 1708 626 1771 per
643 1709 736 1750 auras

93 1772 183 1836 adest
199 1781 366 1854 motaeque
384 1771 473 1837 iubet
490 1793 668 1856 supponere
685 1784 787 1837 terrae

78 1881 112 1921 os
130 1858 253 1933 dentes,
272 1856 381 1941 populi
398 1856 592 1922 incrementa
607 1856 715 1922 futuri.

78 1955 118 2019 ct,
136 1954 172 2007 ut
189 1963 297 2027 presso
315 1941 439 2006 sulcum
457 1943 605 2042 patefecit
623 1953 737 2021 aratro,

78 2041 88 2091 t
106 2028 195 2091 humi
211 2028 328 2104 iussos,
346 2028 490 2093 mortalra
507 2029 640 2104 semina,
659 2030 779 2095 dentes.

78 2115 135 2178 fide
153 2113 270 2196 maius)
286 2113 419 2199 glaebae
437 2135 570 2199 coepere
587 2115 716 2192 moveri,

78 2222 133 2282 que
151 2199 190 2262 de
209 2199 303 2263 sulcis
321 2197 404 2263 acies
422 2200 567 2284 apparuit
584 2200 703 2277 hastae,

78 2309 110 2348 ra
126 2306 201 2348 mox
219 2285 359 2369 capitum
376 2284 460 2369 picto
477 2286 620 2350 nutantia
638 2307 728 2362 cono,

78 2371 161 2434 ‚meri
178 2381 351 2454 pectusque
368 2381 559 2454 onerataque
576 2371 724 2435 bracchia
740 2370 810 2435 telis

78 2468 121 2532 nt,
141 2456 315 2538 crescitque
333 2479 424 2541 seges
442 2457 576 2540 clipeata
593 2455 741 2519 virorum.

78 2542 87 2604 i
105 2541 256 2604 tolluntur
274 2541 362 2605 festis
380 2542 492 2606 aulaea
509 2541 648 2618 theatris,

78 2651 98 2692 e
117 2627 209 2711 signa
226 2627 326 2690 solent
344 2626 543 2710 primumque
561 2626 725 2691 ostendere
743 2627 859 2705 vultus,

90 2712 258 2797 paulatim,
276 2712 463 2796 placidoque
482 2713 597 2777 educta
614 2723 721 2777 tenore

78 2809 161 2862 atent
178 2797 305 2880 imoque
346 2797 419 2862 edes
437 2798 469 2861 in
488 2799 630 2882 margine
647 2809 779 2883 ponunt.

80 2907 94 2947 s
113 2884 204 2947 hoste
221 2904 303 2948 novo
322 2820 464 2947 hadmus
482 2905 594 2968 capere
613 2906 700 2948 arma
717 2883 863 2968 parabat:

79 2969 134 3054 pe’
154 2968 194 3032 de
211 2969 328 3053 populo
347 2989 441 3051 quem
458 2970 541 3033 teria
558 2980 719 3034 creaverat
736 2992 818 3033 unus

78 3065 126 3118 rat
145 3060 217 3118 ‘nec
235 3065 267 3118 te
285 3053 429 3118 civilibus
447 3052 550 3119 insere
568 3054 677 3118 bellis!

82 3141 128 3204 ita
146 3138 310 3224 terrigenis
328 3138 431 3224 rigido
448 3139 488 3204 de
505 3139 655 3203 fratribus
672 3163 772 3205 unum

78 3226 146 3289 inus
164 3248 239 3289 ense
257 3224 342 3288 ferit:
360 3224 463 3288 iaculo
481 3225 565 3290 cadit
583 3225 705 3290 eminus
721 3227 800 3310 ipse.

78 3333 180 3395 oque,
199 3310 254 3394 qui
270 3311 333 3374 leto
351 3308 494 3388 dederat,
511 3332 575 3374 non
592 3311 716 3397 longius
733 3312 787 3375 illo

79 3407 111 3462 et
129 3397 265 3480 expirat,
283 3397 378 3459 modo
396 3417 474 3479 quas
493 3407 671 3481 acceperat,
689 3419 791 3461 auras.

78 3483 178 3564 doque
195 3481 264 3566 pari
281 3481 359 3544 furit
377 3482 477 3546 omnis
495 3482 602 3557 turba,
621 3503 741 3564 suoque

93 3566 210 3631 cadunt
228 3567 323 3630 subiti
340 3590 396 3652 per
413 3578 524 3631 mutua
541 3569 672 3632 vulnera
688 3569 809 3633 fratres.

78 3676 94 3717 e
112 3653 217 3716 brevis
235 3653 318 3716 vitae
336 3653 472 3736 spatium
490 3654 599 3717 sortita
615 3654 761 3718 iuventus

78 3759 143 3803 ,neo
161 3738 300 3823 tepidam
317 3738 490 3823 plangebat
506 3750 631 3823 pectore
649 3750 791 3814 matrem,

78 3847 107 3888 re
126 3823 355 3909 superstitibus.
400 3845 535 3906 quorum
552 3824 612 3888 fuit
629 3847 711 3888 unus
729 3822 864 3891 Echion.

88 3908 162 3974 iecit
180 3909 276 3972 humo
294 3909 416 3973 monitu
435 3908 606 3973 Tritonidis
624 3932 712 3973 arma

78 4015 189 4077 raeque
206 3994 301 4059 fidem
319 3995 406 4079 pacis
423 3994 575 4078 petiitque
593 3994 751 4077 deditque.

78 4080 145 4146 »eris
164 4080 293 4146 comites
311 4080 423 4146 habuit
441 4079 590 4147 Sidonius
607 4080 733 4166 hospes,
