2574 4478
261 281 628 340 METAMORPHOSEON
644 281 716 339 LIB.
736 282 786 339 IX.
806 283 949 340 cat-714.
1053 269 1114 337 161

92 407 126 473 in
150 429 236 472 enua
253 407 293 473 de
310 407 403 493 plebe
420 407 533 471 virum.
576 429 636 472 nec
654 429 766 472 census
783 408 816 472 in
833 409 887 474 illo

92 429 260 558 ndrilitste
278 516 335 558 sua
352 492 461 570 maior,
480 494 536 558 sed
553 493 619 557 vita
635 492 777 576 fidesque

92 579 258 664 inculpata
274 579 344 643 fuit.
387 579 538 664 gravidae
555 578 610 661 qui
628 579 771 663 coniugis
789 602 881 644 aures

93 665 227 729 vocibus
245 664 294 729 his
311 665 447 741 monuit,
466 686 539 728 oum
555 663 619 728 iarn
637 686 735 749 prope
753 675 861 750 partus
879 665 1018 731 adessem

94 756 195 834 ‘quae
212 772 360 825 voveam,
379 748 442 813 duo
459 760 547 826 sunt,
564 749 694 814 minimo
711 762 747 814 ut
763 751 902 816 relevere
920 751 1038 829 dolore,
1134 769 1184 819 675

93 847 195 918 utque
212 857 332 900 marem
350 835 464 918 parias.
509 835 668 898 onerosior
686 836 785 900 altera
802 857 869 901 sors
888 847 945 914 est,

92 932 128 985 et
145 921 229 987 vires
245 920 372 985 fortuna
389 930 494 1003 negat
538 920 624 1003 quod
642 921 814 998 abominor,
832 942 909 1008 ergo

93 1005 182 1071 edita
199 1006 279 1071 forte
297 1020 352 1068 tuo
370 1004 465 1070 fuerit
483 1004 509 1069 si
527 1004 646 1069 femina
662 1019 764 1091 partu,
782 1043 826 1054 -

91 1091 214 1156 invitus
232 1090 362 1179 mando:
382 1091 496 1174 pietas,
514 1089 657 1175 ignoscel
675 1127 719 1138 —
735 1090 885 1157 necetur?

92 1177 232 1253 dixerat3
250 1188 282 1241 et
298 1174 435 1240 lacrimis
453 1175 575 1239 vultum
592 1175 698 1240 lavere
738 1177 853 1241 refusis

91 1273 162 1326 tam
179 1262 234 1344 qui
251 1261 435 1337 mandabat,
453 1281 549 1343 quam
567 1261 618 1325 cui
636 1199 785 1326 mandata
803 1262 967 1327 dabantur.

92 1347 153 1412 sed
171 1363 277 1412 tamen
293 1368 395 1429 usque
413 1368 505 1410 suum
523 1346 613 1410 vanis
630 1345 803 1412 Telethusa
820 1348 968 1412 maritum

92 1432 243 1497 sollicitat
259 1432 421 1517 precibus,
438 1455 479 1497 ne
496 1453 585 1516 spem
604 1432 664 1497 sibi
681 1443 779 1516 ponat
795 1433 829 1496 in
846 1442 924 1497 arto.

91 1529 183 1582 certa
200 1540 258 1582 sua
276 1530 322 1583 est
339 1517 447 1602 Ligdo
465 1518 629 1582 sententia.
671 1517 800 1600 iamque
817 1518 947 1584 ferendo

90 1604 150 1668 vix
172 1615 240 1668 erat
257 1603 310 1667 illa
326 1625 457 1688 gravem
474 1613 598 1667 maturo
616 1604 756 1688 pondere
773 1615 926 1680 ventrem,

91 1712 169 1754 cum
186 1688 291 1753 medio
309 1689 410 1753 noctis
428 1688 529 1773 spatio
547 1688 607 1753 sub
624 1689 763 1774 imagine
781 1690 882 1753 somni

90 1774 223 1838 Inachis
242 1785 314 1838 ante
332 1785 451 1851 torum,
468 1796 587 1874 pompa
604 1775 752 1839 comitata
769 1797 909 1852 suorum,

92 1871 150 1924 aut
168 1859 267 1934 stetit,
285 1871 340 1924 aut
357 1859 426 1924 visa
443 1870 500 1924 est.
543 1870 667 1924 merant
684 1861 807 1925 lunaria
823 1861 921 1926 fronti

92 1968 215 2010 cornua
233 1967 305 2009 cum
323 1945 417 2030 spicis
434 1944 533 2009 nitido
550 1945 739 2010 flaventibus
758 1967 845 2023 suro,

94 2040 126 2096 et
142 2031 252 2116 regale
269 2031 375 2094 decus.
420 2051 492 2094 cum
510 2051 574 2113 qua
590 2030 721 2095 latrator
737 2031 864 2096 Anubis

93 2129 267 2199 sanctaque
285 2116 436 2180 Bubastis
453 2115 622 2199 variusque
641 2116 797 2181 coloribus
814 2117 907 2202 Apis,

92 2202 213 2285 quique
230 2201 344 2286 premit
362 2223 473 2266 vocem
490 2201 653 2284 digitoque
671 2202 794 2266 silentia
812 2204 938 2268 suadet:

94 2288 251 2370 sistraque
269 2297 371 2363 erant,
389 2307 627 2370 numquamque
645 2287 721 2351 satis
739 2288 899 2370 quaesitus
918 2286 1032 2366 Osiris,

93 2373 252 2457 plenaque
270 2371 447 2436 somniferis
464 2394 593 2457 serpens
610 2372 777 2458 peregrina
794 2374 933 2438 venenis.

94 2469 162 2522 tum
179 2459 268 2522 velut
285 2479 450 2522 excussam
468 2479 579 2521 somno
597 2469 629 2521 et
646 2457 813 2523 manifesta
829 2459 989 2524 videntem

95 2544 138 2608 sic
157 2542 266 2607 adfata
284 2542 344 2608 dea
361 2553 423 2608 est:
443 2549 530 2628 ‘pars
548 2565 567 2607 o
585 2543 759 2609 Telethusa
775 2566 929 2622 mearum,

94 2651 176 2714 pone
194 2651 309 2713 graves
327 2651 418 2693 curas
435 2629 648 2712 mandataque
665 2628 740 2694 falle
756 2629 871 2707 mariti,

93 2736 152 2779 neo
170 2713 310 2790 dubites,
329 2737 402 2779 cum
418 2725 450 2778 te
467 2726 560 2799 partu
578 2714 703 2778 Lucina
720 2714 841 2790 levarit,

93 2802 204 2865 tollere
222 2799 372 2883 quicquid
390 2799 458 2864 erit.
503 2799 562 2864 dea
580 2822 650 2864 sum
668 2800 827 2864 auxiliaris
846 2823 1003 2886 opemque

93 2895 225 2950 exorata
242 2885 309 2950 fero
315 2910 324 2962 ;
342 2906 401 2949 nec
418 2896 450 2950 te
468 2885 601 2949 coluisse
618 2887 758 2967 quereris

92 2971 255 3057 ingratum
272 2970 409 3035 numen?
454 2970 576 3035 monuit
593 2968 795 3055 thalamoque
812 2972 950 3037 recessit.

92 3056 177 3121 laeta
195 3066 263 3120 toro
282 3055 382 3141 surgit
398 3077 558 3140 purasque
576 3056 617 3118 ad
635 3056 738 3120 sidera
756 3058 890 3143 supplex

93 3139 212 3206 Cressa
228 3163 341 3205 manus
358 3141 486 3218 tollens,
504 3150 573 3204 rata
590 3140 652 3205 sint
670 3164 728 3206 sua
745 3142 827 3218 visa,
844 3152 1001 3227 precatur.

94 3237 128 3290 ut
146 3226 237 3290 dolor
253 3227 386 3292 increvit
403 3248 500 3309 seque
517 3227 621 3310 ipsum
640 3228 764 3310 pondus
781 3228 815 3293 in
832 3250 925 3292 auras

93 3311 216 3396 expulit
234 3323 265 3376 et
282 3323 356 3376 nata
374 3323 422 3376 est
439 3312 549 3396 ignaro
568 3312 686 3376 femina
703 3325 804 3397 patre,

92 3396 184 3461 iussit
202 3396 243 3460 ali
260 3407 362 3462 mater
378 3418 512 3482 puerum
530 3397 675 3474 mentita3
694 3398 852 3482 fidemque

91 3505 143 3546 res
161 3481 288 3558 habuit,
306 3503 410 3564 neque
428 3494 495 3546 erat
512 3482 577 3546 ficti
593 3482 654 3547 nisi
672 3485 798 3549 conscia
815 3485 932 3550 nutrix.

92 3578 167 3631 vota
184 3578 275 3651 pater
291 3569 384 3632 solvit
401 3589 580 3650 nomenque
596 3568 730 3653 imponit
748 3570 882 3634 avitum:

91 3652 182 3737 Iphis
201 3675 280 3716 avus
298 3652 411 3717 fuerat.
454 3653 564 3737 gavisa
582 3664 630 3717 est
646 3655 773 3720 nomine
792 3666 902 3731 mater,

92 3737 180 3818 quod
198 3759 365 3804 commune
383 3737 465 3802 foret
478 3757 538 3800 neo
555 3757 745 3821 quemquam
763 3740 886 3805 falleret
903 3741 967 3806 illo.

95 3820 172 3885 inde
198 3819 326 3905 incepta
351 3821 404 3906 pia
428 3821 594 3886 mendacia
611 3822 723 3887 fraude
741 3823 891 3888 latebant.

91 3910 196 3975 cultus
214 3918 282 3973 erat
300 3908 403 3994 pueri3
422 3908 535 3983 facies,
554 3927 649 3989 quam
668 3909 734 3973 sive
753 3910 879 3995 puellae,

91 3993 158 4060 sive
176 3994 269 4059 dares
286 4016 395 4080 puero,
413 3994 502 4059 fieret
519 3992 677 4057 formosus
695 4003 838 4077 uterque.

91 4079 203 4144 tertius
220 4079 341 4147 interea
358 4079 480 4147 decimo
499 4089 693 4145 successerat
710 4102 826 4146 annusr

142 4179 297 4227 oanan
910 4181 945 4241 11
