2574 4478
225 262 592 323 METAMORPHOSEON
608 265 680 320 LIB.
700 267 735 322 V.
753 267 898 324 aaa-610.
1033 253 1073 319 87
1136 318 1140 325 ,

56 411 129 455 oum
146 398 248 455 matre
265 399 314 454 est
330 389 475 467 totidem,
493 390 622 455 totidem
640 413 712 455 cum
730 390 864 477 coniuge
881 413 1016 456 menses.

56 474 191 540 vertitur
208 475 364 560 extemplo
382 475 479 540 facies
498 486 529 540 et
546 476 659 540 mentis
677 488 708 541 et
725 475 801 539 oris:

54 584 131 624 nam
148 560 244 624 modo
260 581 343 644 quae
359 572 483 646 poterat
499 560 569 625 Diti
586 582 713 645 quoque
730 573 851 626 maesta
868 560 978 639 videri,

54 647 141 711 laeta
159 646 237 710 deae
254 645 341 709 frons
359 657 421 711 est:
442 658 476 710 ut
493 647 554 723 sol,
572 647 628 729 qui
644 659 745 711 tectus
764 647 890 730 aquosis
1093 670 1144 726 avo

54 732 198 796 nubibus
215 741 287 796 ante
305 731 378 808 fuit,
397 732 488 796 victis
505 755 523 796 e
540 732 679 796 nubibus
697 732 771 797 exit.

98 817 212 902 Exigit
229 817 313 880 alma
331 814 443 894 Ceres,
461 829 537 882 nata
553 840 665 883 secura
681 827 818 902 recepta,
988 835 1143 903 (Ar-estora.)

55 925 140 988 quae
158 902 215 966 tibi
233 925 329 968 causa
345 902 457 988 fugae,
475 903 606 980 cursis,
624 904 799 978 Arethusa,
818 925 906 968 sacer
922 902 1012 968 fons?

56 989 238 1055 conticuere
254 988 369 1052 undae.
413 1010 548 1071 quarum
565 989 625 1054 dea
642 989 766 1053 sustulit
784 990 847 1052 alto

54 1075 145 1140 fonte
163 1084 273 1159 caput,
290 1073 468 1157 viridesque
486 1097 582 1138 manu
600 1075 717 1138 siccata
734 1075 864 1159 capillos
1092 1093 1142 1142 575

55 1160 196 1224 fluminis
213 1159 286 1224 Elei
303 1169 424 1224 veteres
441 1160 580 1224 narravit
597 1181 729 1225 amores.

56 1251 167 1331 “‘pars
186 1266 245 1329 ego
262 1245 488 1330 nympharum,
506 1267 589 1328 quas
606 1244 729 1309 suntin
746 1244 931 1322 Achaide,'’'
950 1245 1029 1309 dixit

56 1336 159 1394 “‘una
175 1330 232 1394 fui.
275 1352 334 1396 nec
351 1353 403 1395 me
420 1329 591 1395 studiosius
608 1331 707 1395 altera
723 1331 821 1394 saltus

56 1416 149 1502 legit,
167 1437 227 1480 nec
244 1415 350 1500 posuit
366 1416 536 1481 studiosius
555 1416 653 1480 altera
669 1437 783 1480 casses.

57 1502 115 1567 sed
133 1502 278 1585 quamvis
296 1502 416 1566 formae
433 1522 607 1584 numquam
624 1500 701 1565 mihi
718 1500 804 1565 fama
820 1502 918 1585 petita
935 1513 992 1578 est,

57 1587 205 1670 quamvis
222 1586 311 1650 fortis
330 1609 426 1662 eram,
442 1586 600 1651 formosae
616 1608 732 1651 nomen
748 1586 914 1650 habebam.

56 1695 118 1738 nec
134 1695 206 1737 mea
223 1695 274 1736 me
291 1672 388 1736 facies
405 1671 538 1736 nimium
555 1672 684 1737 laudata
700 1672 843 1736 iuvabat:

57 1778 186 1842 quaque
204 1757 284 1823 aliae
300 1758 439 1842 gaudere
457 1758 571 1833 solent,
590 1779 650 1842 ego
667 1757 783 1821 rustica
801 1757 874 1823 dote

57 1843 198 1928 corporis
216 1843 341 1920 erubui,
360 1843 541 1926 crimenque
558 1843 683 1928 placere
700 1841 818 1927 putavi.

55 1929 142 1993 lassa
159 1928 350 2004 revertebar,
367 1929 510 2006 memini,
530 1927 750 2013 Stymphalide
768 1928 860 1993 silva:

56 2025 165 2079 aestus
182 2025 263 2090 erat,
280 2035 496 2098 magnumque
512 2013 603 2079 labor
618 2013 835 2100 geminaverat
851 2024 984 2078 aestum.

56 2098 185 2165 invenio
204 2099 271 2164 sine
288 2099 404 2165 vertice
421 2121 535 2183 aquas,
553 2099 620 2164 sine
637 2122 798 2164 murmure
816 2109 937 2175 euntes,

56 2183 241 2272 perspicuas
260 2185 301 2248 ad
317 2185 465 2261 humum,
483 2207 540 2269 per
557 2205 637 2267 quas
654 2185 857 2249 numerabilis
875 2186 937 2249 alte

56 2271 199 2336 calculus
218 2270 318 2334 omnis
336 2281 416 2347 erat,
434 2291 514 2353 quas
532 2280 567 2334 tu
585 2270 639 2335 vix
656 2270 702 2335 ire
719 2281 856 2355 putares.

57 2379 139 2422 cana
157 2355 267 2420 salicta
283 2355 401 2420 dabant
416 2355 598 2438 nutritaque
615 2356 750 2441 populus
767 2356 854 2419 unda

57 2453 171 2528 sponte
190 2463 249 2505 sua
265 2452 356 2505 natas
372 2440 448 2526 ripis
467 2440 641 2505 declivibus
658 2440 797 2504 umbras.

56 2526 179 2593 accessi
195 2526 394 2610 primumque
410 2526 501 2611 pedis
519 2525 653 2610 vestigia
670 2525 760 2603 tinxi,

56 2613 178 2699 poplite
197 2611 310 2676 deinde
327 2622 429 2676 tenus.
471 2632 574 2694 neque
593 2633 631 2675 eo
649 2621 808 2687 contenta,
826 2609 971 2695 recingor

56 2698 229 2781 molliaque
245 2696 375 2782 impono
393 2696 480 2761 salici
497 2696 654 2761 velamina
670 2718 786 2761 curvae

56 2784 210 2867 nudaque
226 2804 353 2868 mergor
370 2783 471 2865 aquis.
514 2803 593 2866 quas
610 2783 687 2847 dum
704 2782 847 2864 ferioque
865 2781 1018 2865 trahoque

56 2869 144 2934 mille
162 2868 264 2932 modis
280 2867 406 2943 labens,
423 2889 618 2950 excussaque
636 2867 783 2932 bracchia
798 2868 891 2942 iacto,

56 2954 166 3020 nescio
184 2953 270 3037 quod
287 2953 391 3018 medio
409 2952 493 3017 sensi
510 2952 570 3016 sub
587 2954 713 3038 gurgite
730 2976 883 3029 murmur,

57 3039 231 3122 territaque
248 3039 358 3103 insisto
375 3037 529 3123 propioris
546 3039 688 3124 margine
705 3039 802 3124 ripae.

58 3131 172 3209 ““quo
190 3146 354 3210 properas,
372 3123 596 3188 Arethusa?”''
615 3123 679 3188 suis
697 3124 843 3209 Alpheus
861 3124 1023 3200 abundis,

58 3217 171 3294 ““quo
188 3208 401 3294 properasi''’'
418 3209 532 3273 iterum
549 3231 644 3273 rauco
660 3209 738 3274 mihi
755 3210 878 3274 dixerat
894 3231 958 3274 ore

59 3296 260 3371 deuterum,
278 3294 368 3380 fugio
386 3294 453 3358 sine
471 3294 621 3358 vestibus.
665 3296 763 3360 altera
779 3307 883 3360 vestes

57 3381 129 3468 ripa
144 3403 233 3444 meas
251 3379 371 3444 hahuit.
414 3390 500 3443 tanto
517 3380 619 3464 magis
636 3378 732 3445 instat
749 3392 781 3446 et
798 3381 897 3458 ardet,

58 3477 91 3533 et
109 3465 186 3550 quia
202 3465 289 3529 nuda
306 3465 367 3542 fui,
385 3487 455 3529 sum
471 3464 539 3529 visa
556 3465 695 3550 paratior
709 3465 765 3530 illi.

58 3551 106 3617 sic
122 3572 184 3637 ego
203 3550 381 3625 currebam,
400 3550 446 3613 sic
461 3572 514 3615 me
530 3549 617 3615 ferus
633 3552 686 3616 ille
702 3552 875 3637 premebat,

58 3647 95 3702 ut
112 3636 226 3722 fugere
244 3635 424 3721 accipitrem
441 3657 546 3735 penna
562 3637 738 3721 trepidante
755 3638 930 3715 columbae,

59 3734 96 3787 ut
113 3723 195 3787 solet
212 3721 361 3806 accipiter
376 3720 515 3805 treprdas
532 3744 646 3806 urgere
664 3723 836 3787 columbas.

59 3830 164 3892 usquo
181 3807 242 3871 sub
261 3804 487 3872 Orchomenon
502 3806 728 3891 Psophidaque
746 3805 963 3893 Cyllenenque

59 3893 304 3976 Maenaliosque
321 3892 409 3956 sinus
426 3891 628 3978 gelidumque
645 3892 866 3976 Erymanthon
883 3905 915 3959 et
932 3893 1008 3959 Elin

59 4001 188 4045 currere
206 3977 351 4043 sustinui.
393 3999 453 4042 nec
469 3999 521 4041 me
538 3978 673 4042 velocior
689 3979 751 4042 ille.

58 4065 117 4132 sed
135 4065 269 4130 tolerare
287 4062 342 4128 diu
359 4085 468 4129 cursus
487 4083 546 4149 ego
567 4062 683 4129 viribus
700 4063 802 4155 impar
