2574 4478
175 216 237 286 140
507 230 541 288 P.
559 229 683 289 OVIDII
700 227 861 288 NASONIS

174 380 250 444 ergo
268 357 323 423 ubi
341 356 506 422 caelicolae
524 377 637 441 parvos
655 357 786 442 tetigere
802 355 940 421 Penates

174 444 404 527 summissoque
422 443 555 506 humiles
573 443 728 505 intrarunt
745 441 862 506 vertice
880 452 996 526 postes,

173 530 316 594 membra
334 552 429 594 senex
446 528 549 614 posito
566 527 657 591 iussit
674 528 813 592 relevare
831 527 931 601 sedili,

108 634 157 683 630
175 637 238 698 quo
256 614 473 700 superiniecit
490 624 612 678 textum
629 612 707 677 rude
724 612 834 677 sedula
851 612 980 678 Baucis.

174 702 247 764 inde
264 701 335 764 foco
354 700 495 784 tepidum
513 699 649 763 cinerem
666 698 798 762 dimovit
815 710 846 763 et
863 697 953 782 ignes

175 786 305 850 suscitat
322 785 484 849 hesternos
501 784 646 866 foliisque
664 797 697 849 et
714 784 828 849 cortice
846 784 929 848 sicco

174 872 272 936 nutrit
289 882 321 936 et
338 871 379 934 ad
395 871 538 934 flammas
556 869 661 933 anima
678 868 822 954 producit
839 867 925 945 anili,

175 956 408 1039 multifidasque
425 955 511 1020 faces
528 954 721 1039 ramaliaque
738 954 827 1019 arida
843 965 926 1019 tecto

108 1061 158 1110 666
176 1043 287 1106 detulit
305 1054 336 1106 et
352 1041 465 1105 minuit
481 1062 643 1125 parvoque
661 1040 801 1104 admovit
818 1045 907 1104 aeno.

175 1128 323 1211 quodque
341 1150 417 1190 suus
434 1126 572 1190 coniunx
588 1126 680 1211 riguo
698 1126 868 1210 collegerat
884 1124 986 1200 horto,

175 1224 299 1277 truncat
317 1212 408 1276 holus
425 1211 518 1275 foliis.
561 1211 652 1276 furca
668 1211 753 1276 levat
769 1212 821 1275 ille
839 1210 961 1274 bicorni

176 1298 302 1363 sordida
319 1309 409 1384 terga
427 1297 492 1361 suis
509 1298 600 1382 nigro
616 1296 787 1381 pendentia
804 1296 908 1381 tigno:

177 1395 363 1465 servatoque
382 1383 437 1447 diu
454 1393 575 1447 resecat
592 1382 632 1446 de
650 1394 774 1467 tergore
791 1392 913 1467 partem

109 1489 159 1538 646
176 1470 338 1554 exiguam,
356 1480 538 1550 sectamque
556 1468 664 1532 domat
681 1467 875 1533 ferventibus
893 1466 997 1530 undis.

175 1555 296 1619 interea
312 1554 432 1619 medias
448 1554 564 1618 fallunt
581 1554 778 1618 sermonibus
794 1551 888 1617 horas

173 1633 370 1717 †sentirique
387 1656 507 1698 moram
525 1636 700 1720 prohibent.
743 1647 811 1700 erat
828 1635 937 1700 alveus
954 1634 1019 1703 illic

173 1718 332 1803 fagineus,
351 1718 430 1783 dura
448 1718 537 1783 clavo
555 1742 725 1804 suspensus
744 1720 784 1784 ab
802 1743 893 1785 ansa:

173 1804 200 1866 is
217 1803 331 1888 tepidis
348 1804 497 1888 impletur
514 1805 603 1888 aquis
622 1816 771 1887 artusque
788 1805 941 1870 fovendos

106 1908 155 1957 646
173 1889 295 1973 accipit.
338 1888 371 1952 in
389 1889 493 1954 medio
509 1900 597 1954 torus
615 1903 663 1954 est
683 1891 722 1955 de
740 1891 887 1955 mollibus
904 1889 1009 1956 ulvis†

173 1974 338 2058 impositus
359 1973 441 2038 lecto
466 1975 587 2059 sponda
603 1975 801 2059 pedibusque
818 1976 958 2060 salignis.

173 2059 313 2124 vestibus
331 2059 416 2124 hunc
433 2060 552 2136 velant,
570 2083 650 2144 quas
667 2083 731 2125 non
749 2061 810 2125 nisi
826 2072 968 2146 tempore
986 2061 1066 2126 festo

173 2155 310 2209 sternere
328 2157 525 2209 consuerant.
569 2146 625 2210 sed
642 2145 770 2211 ethaeo
787 2146 920 2229 vilisque
938 2156 1091 2230 vetusque

173 2230 268 2294 vestis
286 2241 366 2306 erat,
384 2231 465 2295 lecto
483 2253 547 2295 non
563 2231 758 2316 indignanda
775 2232 906 2317 saligno.

106 2335 156 2384 656
173 2317 348 2380 accubuere
366 2316 426 2380 dei.
469 2339 612 2381 mensam
628 2318 788 2382 succincta
804 2328 1005 2400 tremensque

113 2457 118 2468 .
172 2401 260 2484 ponit
278 2424 367 2465 anus.
397 2425 525 2466 mensae
543 2403 599 2467 sed
617 2414 684 2467 erat
700 2425 757 2487 pes
774 2403 885 2469 tertius
902 2402 1020 2488 impar:

172 2497 254 2550 testa
270 2509 379 2570 parem
396 2487 481 2551 fecit.
525 2509 607 2570 quae
624 2498 793 2572 postquam
810 2489 938 2552 subdita
955 2489 1072 2552 clivum

172 2572 312 2648 sustulit,
330 2582 496 2655 aequatam
514 2584 639 2638 mentae
657 2584 772 2638 tersere
790 2574 936 2639 virentes.

172 2656 299 2740 ponitur
316 2657 367 2721 hic
385 2658 504 2722 bicolor
520 2659 660 2723 sincerae
680 2660 758 2724 baca
775 2659 941 2724 Minervae

105 2762 154 2811 665
173 2741 360 2825 conditaque
378 2743 411 2806 in
427 2743 547 2825 liquida
565 2766 660 2808 corna
678 2745 873 2809 autumnalia
889 2745 979 2810 faece

171 2826 333 2910 intibaque
351 2839 382 2892 et
398 2828 489 2892 radix
506 2840 537 2893 et
554 2829 644 2894 lactis
662 2853 765 2894 massa
783 2831 883 2896 coacti

172 2933 294 2995 ovaque
311 2935 374 2976 non
392 2915 456 2977 acri
472 2914 583 2979 leviter
600 2927 724 2979 versata
740 2915 862 2981 favilla:

172 2998 276 3061 omnia
292 2998 449 3062 fictilibus.
492 3000 659 3084 posthaec
676 3001 815 3065 caelatus
833 3002 945 3066 eodem

172 3083 290 3147 sistitur
307 3094 437 3168 argento
456 3095 566 3161 crater,
585 3086 800 3169 fabricataque
818 3087 893 3172 fago

105 3181 154 3236 666
172 3167 299 3252 pocula,
318 3190 381 3252 qua
400 3191 478 3234 cava
496 3183 582 3246 sunt,
600 3170 788 3236 flaventibus
806 3172 883 3236 illita
901 3172 990 3237 ceris.

171 3276 269 3338 parva
285 3276 373 3318 mora
391 3267 452 3329 est,
471 3257 643 3339 epulasque
660 3256 724 3320 foci
741 3257 855 3323 misere
873 3259 1021 3334 calentes,

171 3361 230 3403 nec
247 3340 360 3424 longae
378 3363 486 3403 rursus
504 3341 684 3404 referuntur
701 3343 775 3405 vina
793 3354 948 3420 senectae,

172 3424 310 3508 dantque
327 3425 432 3489 locum
449 3426 566 3490 mensis
583 3427 713 3511 paulum
732 3428 861 3492 seducta
879 3424 1036 3493 secundis.

172 3509 222 3573 hic
239 3533 319 3586 nux,
337 3510 388 3574 hic
406 3511 504 3574 mixta
521 3520 568 3575 est
585 3511 708 3596 rugosis
727 3513 829 3578 carica
847 3515 959 3598 palmis

105 3611 154 3660 665
171 3616 335 3679 prunaque
353 3605 383 3659 et
400 3596 432 3659 in
451 3596 566 3680 patulis
584 3597 758 3662 redolentia
774 3600 858 3663 mala
876 3598 1018 3664 canistris

173 3692 203 3742 et
222 3679 261 3742 de
279 3680 444 3764 purpureis
463 3680 610 3745 collectae
629 3681 745 3747 vitibus
763 3707 854 3748 uvae.

173 3764 324 3828 candidus
342 3766 374 3829 in
392 3766 496 3830 medio
513 3766 605 3829 favus
622 3778 679 3830 est.
724 3769 940 3856 superomnia
957 3770 1062 3835 vultus

173 3870 333 3914 accessere
350 3850 439 3928 boni,
458 3873 517 3916 nec
533 3851 617 3916 iners
634 3873 817 3936 pauperque
835 3853 991 3920 voluntas.

172 3935 292 3999 interea
308 3938 422 4002 totiens
440 3938 588 4003 haustum
606 3952 727 4007 cratera
742 3942 856 4025 repleri

104 4029 153 4082 616
171 4024 281 4103 sponte
300 4037 357 4083 sua
388 4040 557 4110 peraeque
575 4024 683 4092 vident
701 4047 897 4098 succrescere
916 4029 998 4096 vina.
