2574 4478
141 243 591 301 nmnnuosrnossounm.
604 244 656 298 xi.
669 242 812 300 rso-ros.
826 242 891 296 ΧΠ.
904 241 997 298 1-41.
1022 225 1083 293 199

380 467 495 522 LIBER
511 465 770 524 DUODECIMUS.

62 624 199 689 Nescius
218 623 388 709 assumptis
405 624 553 688 Priamus
571 632 661 709 pater
677 625 826 688 Aesacon
843 623 901 687 alis

62 710 184 785 vivere,
203 709 343 794 lugebat.
387 709 508 774 tumulo
527 730 654 793 quoque
671 731 786 774 nomen
804 707 933 773 habenti

61 794 193 858 inferias
211 796 341 860 dederat
359 815 432 858 cum
450 794 601 859 fratribus
619 795 741 859 Hector
757 794 878 859 inanes.

62 880 165 944 defuit
182 880 287 944 officio
305 879 431 944 Paridis
449 879 628 964 praesentia
644 879 734 955 tristi,
954 876 1155 932 Graecianum

61 966 230 1050 postmodo
249 966 303 1049 qui
320 977 412 1050 rapta
429 966 560 1050 longum
579 988 652 1030 oum
670 966 804 1051 coniuge
822 965 941 1030 bellum
979 954 1118 998 mmm·

63 1050 169 1116 attulit
185 1051 218 1115 in
235 1051 386 1135 patriam3
405 1050 648 1135 coniurataeque
666 1061 841 1134 sequuntur
1105 1071 1120 1120 6

60 1136 149 1200 mille
166 1147 264 1210 rates,
282 1136 450 1221 gentisque
468 1137 562 1200 simul
579 1158 746 1201 commune
763 1136 931 1221 Pelasgae.

61 1243 122 1286 nec
140 1221 237 1285 dilata
254 1221 336 1286 foret
354 1221 507 1298 vindicta,
525 1222 586 1286 nisi
604 1243 743 1305 aequora
760 1222 847 1287 saevi

61 1307 149 1370 invia
166 1307 314 1372 fecissent
331 1306 433 1383 venti,
450 1307 635 1390 Boeotaque
653 1309 746 1372 tellus

62 1391 182 1457 Aulide
199 1392 325 1477 piscosa
340 1415 464 1478 puppes
483 1392 635 1457 tenuisset
650 1392 758 1457 ituras.

61 1478 114 1542 hic
132 1478 234 1562 patrio
253 1479 291 1542 de
309 1501 397 1542 more
414 1477 485 1542 Iovi
503 1499 575 1542 cum
592 1501 683 1543 sacra
699 1489 873 1564 parassent,

62 1575 99 1627 ut
117 1574 207 1628 vetus
225 1563 366 1628 accensis
383 1563 546 1629 incanduit
561 1564 689 1649 ignibus
707 1588 772 1641 ara,

62 1671 189 1734 serpere
207 1649 388 1714 caeruleum
406 1648 513 1713 Danai
530 1649 638 1715 videre
656 1651 824 1716 draconem

61 1736 96 1799 in
112 1736 291 1818 platanum,
310 1734 428 1820 coeptis
446 1757 529 1817 quae
547 1736 652 1801 stabat
667 1737 812 1821 proxima
830 1735 936 1801 sacris.

61 1820 156 1884 nidus
174 1833 241 1885 erat
259 1820 424 1885 volucrum
441 1821 490 1884 bis
509 1831 658 1904 quattuor
675 1821 787 1886 arbore
807 1844 941 1898 summa,
1106 1841 1137 1890 15

62 1927 142 1988 quas
161 1905 254 1970 simul
272 1918 303 1970 et
320 1916 453 1971 matrem
471 1907 590 1972 circum
607 1930 666 1972 sua
683 1907 800 1971 damna
816 1907 975 1971 volantem

62 1991 213 2077 corripuit
232 2014 360 2077 serpens
379 1991 535 2076 avidoque
553 1991 752 2058 abscondidit
764 2013 826 2056 ore.

63 2076 245 2162 obstipuere
263 2099 382 2143 omnes.
427 2089 460 2142 st
476 2077 543 2143 veri
559 2077 710 2163 providus
728 2100 831 2161 augur

62 2163 268 2227 Thestorides
287 2162 477 2228 ‘vincemus’
496 2163 552 2226 ait:
572 2163 737 2247 gaudete,
754 2162 894 2247 Pelasgi.

62 2248 161 2313 Troia
178 2249 285 2326 cadet3
303 2249 360 2314 sed
378 2249 435 2314 erit
453 2248 551 2312 nostri
568 2271 657 2313 mora
673 2248 771 2333 longa
791 2246 921 2312 laboris'
939 2282 983 2296 -
1103 2269 1136 2318 20

63 2345 160 2418 atque
177 2356 293 2400 novem
310 2335 454 2400 volucres
472 2334 504 2398 in
521 2333 597 2399 belli
615 2334 730 2419 digerit
747 2355 856 2398 annos.

62 2419 130 2496 ille,
148 2431 184 2484 ut
202 2431 282 2498 erat,
299 2420 416 2485 virides
434 2419 597 2505 amplexus
614 2419 647 2483 in
665 2419 777 2484 arbore
794 2440 899 2483 ramos

62 2506 99 2569 fit
116 2506 212 2592 lapis;
231 2516 262 2570 et
280 2517 408 2591 superat
425 2506 578 2590 serpentis
595 2505 734 2590 imagine
751 2527 873 2569 saxum.

106 2592 278 2656 Permanet
294 2591 408 2655 Aoniis
425 2592 549 2656 Nereus
566 2590 722 2656 violentus
739 2589 773 2654 in
790 2590 883 2654 undis
1011 2605 1153 2674 Iptiqeaia

63 2678 211 2760 bellaque
229 2698 293 2741 non
310 2678 459 2741 transfert
464 2701 473 2754 3
491 2687 523 2742 et
540 2687 627 2753 sunt,
645 2676 700 2760 qui
717 2697 847 2761 parcere
864 2675 980 2741 Troiae
1105 2697 1137 2745 25

63 2763 250 2848 Neptunum
269 2762 412 2839 credant,
432 2762 507 2847 quis
524 2762 648 2827 moenia
665 2761 784 2827 fecerat
801 2761 883 2825 urbi.

64 2860 96 2912 at
113 2869 178 2912 non
195 2848 410 2913 Thestorides.
454 2869 513 2913 neo
531 2848 614 2912 enim
630 2848 770 2912 nescitve
787 2858 920 2924 tacetve,

64 2934 220 3019 sanguine
238 2934 381 3020 virgineo
398 2934 586 3018 placandam
603 2932 734 3018 virginis
751 2933 831 2997 iram

64 3042 134 3084 esse
153 3019 240 3084 deae.
283 3033 451 3104 postquam
468 3018 617 3105 pietatem
635 3019 763 3104 publica
781 3040 877 3083 causa

63 3126 184 3188 rexque
202 3115 323 3190 patrem
341 3104 425 3182 vicit,
445 3115 630 3186 castumque
648 3105 760 3168 datura
778 3126 922 3170 cruorem
1105 3125 1138 3174 30

62 3190 212 3255 flentibus
230 3201 303 3256 anto
321 3214 408 3255 aram
426 3189 510 3255 stetit
526 3190 694 3275 Iphigenia
710 3189 869 3265 ministris,

64 3277 149 3341 victa
167 3275 227 3341 dea
244 3288 291 3341 est
307 3276 487 3358 nubemque
505 3275 604 3340 oculis
622 3275 750 3352 obiecit,
769 3286 800 3340 et
816 3276 898 3341 inter

64 3361 205 3426 officium
222 3362 410 3445 turbamque
428 3361 509 3425 sacri
526 3382 683 3445 vocesque
701 3374 887 3446 precantum

65 3447 230 3532 supposita
247 3447 347 3512 fertur
364 3458 503 3511 mutasse
519 3445 694 3530 Mycenida
711 3469 813 3511 cerva.

1187 3016 1197 3050 <

65 3554 141 3617 ergo
159 3533 229 3609 ubi,
248 3555 311 3615 qua
328 3531 449 3608 decuit,
466 3531 563 3596 lenita
581 3543 627 3597 est
646 3533 742 3597 caede
761 3532 878 3609 Diana,
1105 3549 1137 3601 35
1176 3524 1181 3529 ’

65 3629 96 3681 et
113 3618 230 3702 pariter
246 3617 407 3694 Phoebes,
426 3617 544 3703 pariter
560 3618 656 3682 maris
672 3618 720 3683 ira
737 3618 876 3696 recessit,

65 3703 224 3789 accipiunt
241 3714 350 3768 ventos
368 3726 388 3769 a
405 3715 495 3788 tergo
513 3703 598 3769 millo
616 3704 751 3781 carinae,

65 3790 227 3871 multaque
244 3812 413 3874 perpessae
430 3789 575 3874 Phrygia
591 3790 754 3876 potiuntur
771 3789 899 3855 harena.

107 3872 197 3938 Orbe
214 3875 302 3939 locus
319 3875 423 3940 medio
442 3887 490 3940 est
506 3875 588 3940 inter
606 3886 767 3959 terrasque
784 3875 965 3958 fretumque
1045 3891 1153 3959 menas.

65 3961 277 4043 caelestesque
294 3961 421 4048 plagas,
440 3961 570 4046 triplicis
589 3960 724 4026 confinia
740 3961 864 4025 mundi:
1103 3982 1137 4031 40

66 4046 162 4124 unde,
179 4046 266 4132 quod
283 4058 331 4113 est
347 4068 498 4134 usquam,
516 4047 660 4133 quamvis
677 4046 858 4134 regionibus
876 4045 967 4124 absit,
