2574 4478
228 175 596 235 METAMORPHOSEON
612 179 686 234 LlB.
705 180 756 235 IX.
775 181 919 239 ais-362.
1024 167 1085 234 153

58 300 164 367 arcuit
181 304 278 386 inque
294 301 393 387 pedes
410 303 544 367 mutavit
561 302 709 368 bracchia
726 303 854 389 primos.

58 387 231 453 strenuitas
248 387 378 471 antiqua
395 400 516 465 manet;
535 411 595 454 nec
611 401 702 474 terga
719 390 856 455 colorem
1104 413 1154 463 320

57 473 196 539 amisere
213 495 321 539 suum:
340 473 443 538 forma
459 485 507 538 est
524 475 648 539 diversa
665 474 770 560 priori.

58 581 144 642 quae
162 558 238 641 quia
254 558 400 623 mendaci
417 560 591 645 parientem
609 560 732 625 iuverat
749 583 813 640 ore,

58 667 115 709 ore
134 644 230 729 parit3
247 655 434 728 nostrasque
453 645 578 722 domos,
596 657 632 709 ut
650 657 681 711 et
699 659 786 724 ante,
804 647 1004 732 frequentat?

102 729 198 794 Dixit
215 741 247 795 et
263 729 426 795 admonitu
444 731 559 796 veteris
578 742 735 797 commota
752 732 914 801 ministrae
1039 753 1153 822 Dryope.

57 814 225 901 ingemuit.
257 837 354 900 quarn
371 816 417 881 sic
434 838 532 880 nurus
550 827 598 881 est
616 816 725 882 adfata
741 818 914 884 dolentem:
1104 844 1153 893 325

58 907 107 966 ‘te
126 912 242 978 tamen,
261 923 280 964 o
321 901 456 979 enetrix,
475 902 596 966 alienae
615 927 634 966 a
652 903 807 988 sanguine
825 916 932 971 nostro

56 998 152 1071 rapta
168 997 276 1051 movet
292 923 399 1051 liacies.
444 987 521 1071 quid
538 987 565 1051 si
583 988 641 1052 tibi
658 988 738 1053 mira
755 989 870 1054 sororis

57 1071 128 1136 fata
144 1093 234 1137 meae
251 1071 405 1137 referam?
430 1094 623 1157 quamquam
641 1074 850 1159 lacrimaeque
869 1075 1020 1163 dolorque

55 1156 236 1243 impediunt
253 1157 483 1242 prohibentque
500 1158 596 1241 loqui.
640 1159 701 1222 fuit
718 1160 812 1224 unica
828 1162 921 1225 matri

57 1242 127 1322 (me
144 1253 235 1328 pater
252 1265 292 1308 ex
309 1242 372 1308 alia
387 1243 513 1329 genuit)
530 1244 694 1308 notissima
711 1244 814 1309 forma

58 1325 274 1392 Oechalidum
292 1328 435 1413 Dryope.
479 1351 575 1411 quam
592 1329 772 1414 virginitate
790 1344 949 1397 carentem

58 1413 189 1497 vimque
208 1414 258 1479 dei
275 1436 402 1498 passam
419 1413 564 1498 Delphos
581 1413 763 1498 Delumque
781 1417 915 1482 tenentis

57 1499 178 1585 excipit
194 1499 412 1574 Andraemon,
431 1510 463 1564 et
479 1500 614 1564 habetur
632 1501 767 1585 coniuge
784 1500 872 1567 felix.
953 1546 957 1553 -

57 1596 108 1648 est
125 1586 228 1660 lacus,
247 1585 374 1649 acclivis
393 1583 515 1650 devexo
531 1584 675 1670 margine
692 1585 829 1651 formam

56 1671 159 1735 litoris
176 1669 332 1735 efficiens:
351 1692 510 1734 summum
527 1682 664 1755 myrteta
681 1684 843 1737 coronant.

57 1767 191 1821 venerat
207 1755 270 1820 huc
288 1754 421 1840 Dryope
438 1754 576 1819 fatorum
594 1756 714 1832 nescia,
731 1778 859 1842 quoque

57 1841 225 1927 indignere
241 1840 358 1926 magis,
376 1840 525 1926 nymphis
543 1841 645 1905 latura
663 1863 810 1908 coronas:

57 1927 156 2010 inque
174 1926 245 1991 sinu
262 1949 411 2011 puerum,
429 1926 483 2009 qui
502 1926 643 1991 nondum
660 1927 845 2013 impleverat
862 1954 991 2012 annum,

59 2012 152 2078 dulce
170 2012 293 2077 ferebat
310 2033 390 2076 onus
408 2012 570 2096 tepidique
588 2034 648 2097 ope
665 2012 755 2077 lactis
775 2015 888 2080 alebat.

58 2098 145 2162 haud
162 2097 273 2182 procul
291 2120 311 2161 a
328 2109 441 2182 stagno
458 2097 573 2182 Tyrios
590 2097 712 2162 imitata
730 2100 850 2164 colores

57 2184 91 2248 in
109 2205 199 2268 spem
218 2183 367 2248 bacarum
384 2183 517 2248 florebat
534 2183 680 2266 aquatica
696 2185 787 2248 lotos.

59 2279 221 2355 carpserat
237 2268 311 2333 hinc
328 2269 476 2354 Dryope,
495 2290 576 2352 quos
595 2269 805 2334 oblectamina
821 2280 896 2336 nato

81 2354 248 2438 orrigeret,
266 2354 369 2418 flores.
413 2366 444 2419 et
462 2354 547 2419 idem
564 2353 689 2419 factura
705 2355 837 2420 videbar

58 2378 211 2522 linumque
229 2438 387 2523 aderam):
406 2439 471 2504 vidi
489 2450 596 2525 guttas
614 2462 632 2505 e
650 2441 726 2505 flore
745 2452 890 2507 cruentas

57 2525 219 2600 decidere,
238 2537 268 2589 et
287 2525 421 2590 tremulo
438 2548 543 2590 ramos
562 2526 690 2589 horrore
708 2527 836 2591 moveri.

58 2611 192 2686 scilicet,
210 2620 246 2674 ut
263 2610 405 2675 referunt
422 2610 504 2674 tardi
521 2633 607 2675 nunc
624 2612 760 2692 denique
779 2624 930 2696 agrestes,

57 2696 151 2760 Lotis
169 2695 203 2759 in
220 2695 302 2760 hanc
319 2696 474 2780 nymphe,
493 2696 619 2782 fugiens
638 2698 776 2761 obscena
791 2697 913 2783 Priapi,

58 2780 234 2847 contulerat
252 2802 374 2857 versos,
394 2791 519 2847 servato
537 2783 678 2858 nomine,
696 2783 814 2847 vultus.

57 2867 213 2932 nescierat
231 2888 319 2931 soror
335 2867 409 2943 hoc;
428 2888 510 2950 quae
528 2889 600 2932 cum
618 2868 785 2952 perterrita
800 2878 884 2934 retro

57 2954 103 3018 ire
121 2965 155 3018 et
172 2952 308 3017 adoratis
327 2953 422 3017 vellet
440 2953 601 3018 discedere
618 2953 777 3038 nymphis,

56 3038 227 3103 haeserunt
244 3037 350 3102 radice
368 3038 476 3122 pedes.
521 3040 698 3104 convellere
715 3051 853 3125 pugnat:

56 3146 116 3188 nec
135 3124 318 3207 quicquam,
336 3123 399 3187 nisi
415 3145 539 3186 summa
556 3135 676 3188 movetr
695 3125 868 3190 subcrescit
885 3127 926 3191 ab
943 3126 1008 3193 imo

57 3221 187 3292 totaque
204 3208 357 3293 paulatim
374 3209 478 3273 lentus
495 3209 610 3294 premit
627 3209 758 3294 inguina
775 3223 892 3276 cortex.

56 3307 93 3359 ut
111 3294 204 3371 vidit,
222 3305 335 3358 conata
351 3317 449 3358 manu
466 3294 584 3359 laniare
602 3295 742 3380 capillos,

57 3379 171 3445 fronde
189 3402 318 3443 manum
336 3378 493 3465 implevit3
510 3379 639 3445 frondes
656 3392 751 3466 caput
768 3404 860 3447 omne
878 3383 1038 3450 tenebant.
1119 3410 1129 3422 ·

58 3475 90 3529 at
131 3487 188 3529 uer
205 3463 552 3550 Amphissus(namque
568 3465 630 3530 hoc
648 3489 726 3531 avus
744 3466 887 3551 Eurytus
903 3468 950 3533 illi

57 3488 223 3616 addiderat
240 3556 370 3635 nomen)
387 3561 529 3615 materna
545 3550 702 3636 rigescere
720 3552 815 3616 sentit

58 3636 172 3712 ubera,
190 3658 249 3700 nec
268 3637 410 3718 sequitur
427 3637 595 3700 ducentem
612 3636 731 3701 lacteus
750 3659 850 3703 umor.

57 3720 228 3806 spectatrix
245 3721 373 3786 aderam
390 3720 448 3785 fati
466 3721 600 3786 crudelis
618 3743 774 3807 opemque

56 3828 120 3871 non
139 3818 281 3891 poteram
300 3806 357 3871 tibi
374 3805 471 3883 ferre,
489 3828 591 3883 sor0r3
610 3819 828 3892 quantumque
845 3810 1001 3892 valebam,

57 3902 249 3956 crescentem
268 3905 413 3956 truncum
431 3912 598 3974 ramosque
617 3893 764 3978 amplexa
781 3897 940 3961 morabar:

55 3988 101 4054 et,
120 3977 232 4053 fateor,
250 3976 337 4041 volui
354 3976 414 4042 sub
432 3977 544 4042 eodem
562 3978 676 4044 cortice
695 3978 797 4044 condi.
