2574 4478
235 267 278 335 28
561 282 599 342 Ρ.
617 282 742 340 OVIDII
758 281 921 341 NASONIS

236 407 312 472 talia
329 407 485 474 dicentem
504 408 706 472 circumstant
724 408 829 472 omnia
848 405 955 473 Solem

169 512 218 562 005
237 494 381 571 1111101110,
399 516 480 559 neve
497 494 573 558 velit
590 493 736 559 tenebras
753 495 903 559 inducere
920 494 1026 569 rebus,

237 580 378 664 supplice
395 601 474 644 voce
491 591 615 664 rogant.
658 580 770 644 missos
789 601 915 663 quoque
933 578 1077 664 Iuppiter
1093 577 1185 663 ignes

238 675 367 730 excusat
384 665 594 750 precibusque
611 665 712 729 minas
729 665 878 750 regaliter
895 665 992 728 addit.

238 751 357 836 colligit
374 761 514 816 amentes
533 764 564 816 et
581 751 685 815 adhuc
703 762 820 815 terrore
837 761 989 835 paventes

236 835 389 901 Phoebus
407 858 505 919 equos
523 837 713 919 stimuloque
744 836 854 900 dolens
881 847 913 901 et
929 836 1060 901 verbere
1080 832 1193 900 saevit:

169 940 220 989 400
238 922 338 986 saevit
355 922 438 986 enim
456 933 629 1004 natumque
647 922 783 986 obiectat
801 932 833 986 et
849 923 985 1007 imputat
1001 921 1072 985 illis.

280 1008 327 1070 At
343 1018 433 1093 pater
451 1008 648 1091 omnipotens
665 1007 806 1091 ingentia
822 1007 948 1071 moenia
964 1006 1044 1072 caeli
1115 1002 1222 1056 Callisto
1234 1009 1257 1056 0²

238 1093 362 1169 circuit,
381 1103 470 1157 01110
488 1093 565 1176 quid
580 1092 773 1157 labefactum
790 1091 910 1157 viribus
926 1091 1011 1178 ignis
1139 1074 1235 1125 Am·

239 1191 373 1254 corruat,
392 1179 545 1264 explorat.
580 1199 662 1261 quae
680 1189 848 1262 postquam
865 1178 957 1241 firma
974 1177 1086 1261 suique

237 1264 359 1327 roboris
377 1286 446 1328 esse
464 1263 564 1339 videt,
582 1273 681 1328 terras
699 1263 924 1346 hominumque
941 1264 1065 1328 labores

169 1367 220 1416 405
238 1349 397 1435 perspicit.
440 1348 599 1413 Arcadiae
616 1359 730 1432 tamen·
740 1361 788 1413 est
804 1348 975 1434 impensior
990 1348 1037 1412 illi

239 1457 315 1499 cura
332 1457 425 1501 suae:
462 1436 629 1517 fontesque
647 1445 679 1498 et
695 1434 836 1499 nondum
855 1434 1003 1500 audentia
1018 1431 1084 1499 labi

237 1520 368 1584 flumina
385 1520 534 1596 restituit,
552 1520 606 1584 dat
623 1531 724 1584 terrae
741 1519 900 1606 gramina,
916 1519 1045 1585 frondes

130 1621 131 1624 ’
238 1605 418 1682 arboribus,
435 1605 600 1688 laesasque
617 1605 705 1669 iubet
721 1606 912 1671 revirescere
930 1605 1035 1671 silvas.

238 1691 314 1755 dum
332 1691 414 1756 redit
430 1691 517 1774 itque
534 1691 698 1774 frequens,
717 1692 750 1754 in
767 1691 889 1776 virgine
906 1691 1089 1757 Nonacrina

170 1795 221 1843 410
238 1775 354 1852 haesit,
373 1787 405 1841 et
423 1777 544 1861 accepti
562 1777 686 1841 caluere
704 1777 763 1841 sub
782 1777 905 1841 ossibus
922 1777 1023 1862 ignes.

238 1884 303 1925 non
321 1872 388 1926 erat
404 1861 499 1925 huius
517 1883 596 1947 opus
613 1863 719 1926 lanam
736 1863 857 1927 mollire
875 1862 1028 1927 trahendo

238 1969 298 2012 1100
314 1947 419 2032 positu
437 1947 558 2011 variare
576 1969 693 2033 comas.
737 1947 793 2012 ubi
810 1948 909 2013 fibula
926 1959 1056 2025 vestem,

239 2033 318 2097 vitta
336 2045 518 2097 coercuerat
534 2033 694 2118 neglectos
713 2032 785 2096 alba
803 2033 943 2119 capillos,

240 2128 270 2182 et
287 2118 382 2184 modo
400 2118 470 2182 leve
487 2141 583 2182 11101111
600 2118 749 2195 iaculum,
766 2119 861 2183 modo
880 2128 1055 2204 sumpserat
1074 2140 1194 2197 arcum,

170 2223 220 2271 415
239 2203 328 2267 miles
346 2214 414 2269 erat
429 2202 592 2268 Phoebes:
610 2226 670 2268 nec
686 2204 858 2268 Maenalon
876 2205 981 2290 attigit
997 2205 1062 2269 ulla

238 2290 357 2374 gratior
373 2289 434 2352 1100
451 2289 588 2354 Triviae.
632 2288 688 2354 sed
705 2291 792 2354 nulla
809 2290 949 2376 potentia
965 2291 1062 2377 longa
1079 2301 1136 2356 est

238 2375 369 2439 ulterius
387 2375 490 2439 medio
508 2375 644 2460 spatium
662 2377 708 2439 sol
726 2377 807 2440 altus
825 2375 972 2455 habebat,

239 2482 312 2524 cum
330 2460 415 2525 subit
430 2461 486 2525 illa
501 2483 628 2536 nemus,
647 2463 733 2544 quod
749 2462 837 2525 nulla
854 2462 1009 2526 ceciderat
1027 2473 1124 2528 aetas.

239 2547 326 2610 exuit
343 2545 395 2610 hic
412 2568 521 2612 umero
538 2546 718 2631 pharetram
735 2548 900 2630 lentosque
916 2548 1051 2612 retendit

170 2650 222 2699 410
239 2653 331 2696 arcus
348 2631 444 2714 inque
462 2633 539 2708 solo,
557 2632 643 2714 quod
661 2643 783 2697 texerat
799 2632 911 2708 herba,
929 2633 1054 2699 iacebat

239 2727 271 2781 et
287 2717 403 2802 pictam
420 2717 523 2802 posita
539 2716 720 2802 pharetram
738 2718 859 2782 cervice
875 2718 1049 2804 premebat.

238 2802 381 2887 Iuppiter
397 2812 434 2866 111
450 2802 530 2867 vidit
546 2801 664 2867 fessam
681 2815 713 2867 et
730 2804 861 2868 custode
879 2816 1044 2869 vacantem

239 2887 313 2952 ‘hoc
331 2899 414 2952 certe
429 2886 550 2950 furtum
568 2891 707 2954 coniunx
722 2911 795 2953 mea
811 2889 943 2954 nesciet’
961 2890 1078 2972 inquit:

240 2980 307 3037 ‘aut
324 2973 351 3036 si
368 2973 521 3048 rescierit,
538 2985 707 3037 —sunto
725 2986 798 3038 sunt
815 2975 919 3060 iurgia
935 2976 1035 3040 tanti!

169 3077 220 3125 425
237 3057 380 3142 protinus
398 3057 540 3122 induitur
556 3058 672 3123 faciem
689 3060 872 3144 cultumque
889 3060 1016 3124 Dianae

238 3155 334 3226 atque
353 3143 397 3207 ait
414 3149 448 3207 ‘o
467 3143 616 3208 comitum
634 3144 724 3229 virgo
741 3168 815 3226 pars
832 3168 896 3209 una
913 3169 1065 3223 mearum,

236 3229 270 3292 in
288 3229 403 3311 quibus
422 3251 455 3293 es
474 3240 588 3293 venata
604 3230 766 3315 iugisl'de
777 3232 913 3316 caespite
931 3233 1022 3316 virgo

238 3336 272 3377 se
290 3315 373 3378 levat
392 3324 423 3379 et
441 3315 556 3390 ‘salve,
574 3337 700 3393 numen,
709 3338 761 3379 me
778 3316 901 3392 iudice,’
921 3317 1009 3393 dixit,

238 3399 361 3463 ‘audiat
378 3399 445 3484 ipse
462 3400 550 3476 licet,
568 3400 670 3464 maius
687 3400 784 3464 Iove?
827 3401 907 3467 ridet
925 3414 957 3467 01
974 3402 1072 3480 audit,

169 3503 220 3552 430
238 3497 270 3549 01
287 3485 347 3548 01111
364 3485 515 3569 praeferri
533 3507 567 3549 00
584 3485 703 3570 gaudet
721 3497 752 3550 01
769 3488 877 3551 0001110
894 3487 997 3573 iungit

238 3592 297 3634 nec
314 3571 477 3635 moderata
494 3571 569 3634 00110
587 3593 646 3635 1100
663 3571 709 3634 010
727 3595 746 3634 0
762 3572 886 3657 virgine
903 3573 1017 3638 danda.

238 3676 302 3738 qua
320 3667 434 3719 venata
450 3655 533 3720 foret
549 3656 644 3734 silva,
662 3679 789 3722 narrare
806 3669 972 3743 parantem

237 3740 368 3825 impedit
385 3743 546 3827 amplexu:
564 3764 623 3807 nec
640 3764 675 3807 se
693 3742 760 3807 01110
778 3743 907 3808 0111111110
924 3744 1038 3829 prodit.

237 3825 292 3890 illa
309 3825 436 3908 quidem
454 3838 577 3905 contra,
595 3839 747 3911 quantum
764 3830 858 3893 modo
876 3830 994 3894 femina
1011 3829 1111 3916 possit

168 3932 219 3980 435
238 3909 409 3995 (aspiceres
427 3912 564 3990 utinam,
584 3911 747 3980 Saturnia:
765 3914 870 3979 mitior
887 3915 1012 4001 000001),

237 3997 292 4061 illa
309 3997 437 4079 quidem
454 4010 586 4084 pugnat.
625 4001 681 4064 sed
697 4020 792 4083 quem
804 4023 952 4086 superare
969 4002 1084 4087 puella,

238 4082 349 4174 quisve
368 4081 477 4153 Iovem
493 4086 635 4176 poterat?
651 4108 799 4178 superum
816 4086 896 4179 petit
913 4087 1041 4159 aethera
1058 4088 1158 4161 victor
