2574 4478
251 246 293 312 48
582 266 616 321 P.
636 268 760 325 ovrun
776 268 939 326 NASONIS

250 386 388 471 protegit
405 398 437 452 et
454 388 527 454 solis
545 413 586 455 ex
602 390 656 456 illo
673 391 752 458 vivit
768 393 802 458 in
819 394 926 459 antris.

184 488 233 538 395
252 471 308 536 sed
325 482 430 539 tamen
446 474 555 541 haeret
573 498 663 542 amor
678 479 853 563 crescitque
872 481 979 546 dolore
996 482 1151 568 repulsae.

251 569 424 623 extenuant
440 560 552 645 vign'les
569 584 684 648 corpus
701 565 879 632 miserabile
897 590 1002 647 curae,

251 642 443 728 adducitque
460 658 565 712 cutem
583 650 699 714 macies
717 660 750 715 et
765 651 799 715 in
817 658 890 717 aera
908 676 1002 719 sucus

251 729 389 814 corporis
407 732 509 797 omnis
526 733 606 798 abit:
625 756 688 799 vox
705 747 828 802 tantum
846 749 941 822 atque
958 761 1031 805 ossa
1048 751 1228 826 supersunt.

250 835 313 878 vox
330 827 451 882 manet:
470 840 541 883 ossa
558 819 666 885 ferunt
681 821 796 907 lapidis
813 825 945 889 traxisse
962 826 1108 912 figuram.

183 919 234 969 400
254 898 340 986 [iude
357 900 434 968 latet
452 904 537 969 silvis
554 906 705 990 nulloque
722 907 755 972 in
772 922 879 975 monte
897 910 1036 976 videturz

251 987 397 1052 omnibus
415 989 551 1055 auditur.
595 1013 692 1056 sonus
710 1004 772 1070 est,
790 993 846 1078 qui
863 995 941 1059 vivit
958 997 991 1062 in
1007 996 1085 1084 illa]

294 1069 349 1138 Sic
366 1073 461 1151 hanc,
479 1075 525 1140 sic
542 1076 620 1143 alias
636 1079 730 1143 undis
748 1092 803 1144 aut
820 1082 981 1146 montibus
997 1095 1082 1149 ortas

249 1158 369 1223 luserat
385 1159 438 1224 hic
454 1161 625 1247 nymphas,
645 1164 690 1228 sic
707 1177 815 1230 coetus
833 1178 906 1231 ante
923 1166 1038 1234 viriles.

249 1242 323 1309 inde
338 1267 452 1310 manus
469 1246 583 1331 aliquis
600 1248 768 1334 despectus
785 1251 827 1316 ad
844 1252 971 1318 aethera
986 1257 1100 1320 tollens

181 1347 232 1397 405
250 1329 310 1393 ‘sic
328 1341 412 1396 amet
428 1331 496 1416 ipse
513 1332 601 1410 licet,
618 1335 664 1399 sic
681 1357 745 1400 nou
762 1336 901 1422 potiatur
918 1340 1050 1406 amatol’

250 1414 386 1481 dixerat:
404 1417 539 1483 assensit
555 1420 702 1504 precibus
719 1420 917 1488 Rhamnusia
933 1425 1034 1491 iustis.

249 1500 322 1565 fons
339 1513 407 1568 crat
423 1503 553 1580 inlimis,
570 1505 677 1571 nitidis
694 1519 863 1593 argenteus
881 1510 984 1587 undis,

251 1606 346 1668 quem
363 1610 466 1672 neque
483 1601 626 1675 pastores
642 1613 746 1675 neque
763 1606 872 1679 pastae
889 1608 996 1661 monte
1014 1599 1154 1684 capellae

251 1673 335 1736 conti
359 1685 448 1737 erant
465 1674 590 1742 aliudve
607 1699 719 1762 pecus,
737 1700 832 1764 quem
849 1683 937 1746 nulla
953 1684 1090 1749 volucris

181 1776 232 1826 410
249 1778 308 1821 neo
341 1780 394 1822 era
411 1760 554 1825 turbarat
570 1784 630 1827 nec
647 1764 755 1849 lapsus
773 1766 814 1829 ab
832 1767 943 1833 arbore
961 1791 1078 1834 ramus.

248 1864 380 1928 gramen
398 1856 465 1909 erat
482 1847 579 1923 circa,
598 1850 684 1931 quod
700 1850 862 1936 proximus
880 1875 971 1917 umor
988 1856 1102 1933 alebat,

249 1929 391 2011 silvaque
409 1932 474 1996 sole
491 1932 596 1997 locum
613 1955 746 2018 passura
764 1948 923 2022 tepescere
941 1940 1037 2005 nullo.

248 2011 300 2077 hic
316 2036 396 2099 puer
413 2027 444 2080 et
461 2017 565 2081 studio
582 2019 719 2084 venandi
734 2021 836 2086 lassus
854 2035 886 2088 et
903 2035 992 2089 aestu

247 2100 429 2182 procubuit,
446 2100 623 2186 faciemque
637 2105 700 2170 loci
717 2106 900 2191 fontemque
918 2122 1054 2175 secutus.

186 2201 237 2248 415
250 2187 403 2273 [dumque
422 2187 506 2253 sitim
524 2191 634 2254 sedare
652 2189 749 2274 cupit,
767 2191 834 2255 sitis
853 2194 951 2257 altera
968 2193 1080 2280 crevit]

252 2278 391 2358 dumque
410 2276 503 2352 bibit,
521 2276 608 2341 visae
626 2287 789 2361 correptus
806 2276 945 2362 imagine
962 2276 1083 2341 formas

252 2384 341 2445 spem
351 2361 417 2426 sine
426 2383 556 2447 corpore
566 2374 665 2439 amat3
679 2383 793 2447 corpus
807 2372 899 2447 putat
907 2383 986 2438 esse,
996 2361 1081 2444 quod
1095 2357 1183 2424 unda
1200 2370 1257 2424 est.

253 2446 401 2531 adstupet
417 2447 485 2532 ipse
503 2447 563 2512 sibi
581 2448 733 2530 vultuque
749 2447 899 2511 immotus
916 2446 1028 2512 eodem

252 2531 371 2608 haeret,
389 2543 424 2596 ut
441 2555 459 2597 e
476 2533 573 2597 Pario
590 2532 761 2596 formatum
778 2554 934 2599 marmore
951 2532 1087 2617 signum.

184 2639 235 2689 420
252 2627 374 2703 spectat
390 2618 479 2681 humi
497 2617 618 2704 positus
635 2619 798 2703 geminum
815 2655 841 2664 -
858 2640 916 2682 sua
932 2617 1052 2682 lumina
1069 2654 1095 2663 -
1112 2616 1210 2696 sidus,

253 2714 284 2768 et
302 2703 334 2767 di
380 2724 415 2767 os
432 2703 571 2780 Baccho,
589 2703 702 2788 dignos
720 2715 752 2768 et
768 2703 918 2788 Apolline
936 2703 1048 2779 crines,

251 2726 460 2874 impulibsque
477 2811 577 2875 genas
594 2801 627 2853 et
643 2789 783 2853 eburnea
800 2788 881 2853 colla
898 2788 1056 2872 decusque

252 2874 315 2939 oris
333 2875 414 2939 etin
431 2874 524 2940 niveo
541 2873 676 2938 mixtum
695 2874 830 2938 candore
847 2873 1006 2951 ruborem,

253 2970 429 3043 cunctaque
446 2958 587 3036 miratur,
605 2960 720 3042 quibus
738 2971 785 3025 est
801 2958 954 3024 mirabilis
970 2960 1049 3045 ipse.

184 3068 235 3116 425
252 3069 287 3111 se
305 3046 391 3131 cupit
408 3044 605 3130 imprudens,
624 3055 656 3109 et
673 3045 728 3129 qui
745 3045 867 3130 probat,
885 3045 954 3130 ipse
993 3046 1132 3122 robatur,

252 3133 391 3215 dumque
409 3131 502 3216 petit,
519 3130 645 3216 petitur,
663 3131 842 3215 pariterque
860 3153 955 3197 accen
979 3131 1003 3195 it
1020 3142 1051 3196 et
1068 3131 1167 3197 ardet.

250 3218 338 3282 irrita
355 3216 461 3281 fallaci
478 3215 622 3299 quotiens
640 3216 727 3280 dedit
744 3217 852 3280 oscula
868 3215 962 3281 sontii

251 3303 284 3367 in
301 3302 413 3366 mediis
439 3303 584 3385 quotiens
601 3301 704 3366 visum
722 3302 882 3387 captantia
899 3303 1014 3366 collum

251 3387 399 3452 bracchia
415 3387 523 3451 mersit
540 3388 627 3470 aquis
655 3409 765 3453 nesse
784 3388 948 3474 deprendit
964 3389 997 3452 in
1014 3385 1089 3452 illisi

184 3496 235 3545 tto
252 3474 328 3558 quid
346 3473 467 3550 videat,
484 3473 593 3537 nescit.
636 3473 693 3537 sed
711 3473 796 3557 quod
815 3474 913 3550 videt,
932 3474 1033 3538 uritur
1049 3472 1113 3550 illo,

252 3571 348 3642 atque
366 3559 473 3623 oculos
490 3558 590 3635 idem,
609 3558 663 3642 qui
680 3559 810 3644 decipit,
828 3559 937 3623 incitat
954 3579 1049 3623 error.

252 3645 392 3720 credule,
409 3644 486 3727 quid
503 3644 620 3708 frustra
637 3644 803 3708 simulacra
820 3643 947 3729 fugacia
964 3643 1090 3727 captas?

251 3731 337 3813 quod
354 3729 449 3813 petis,
467 3742 515 3794 est
531 3751 701 3812 nusquam:
719 3729 805 3812 quod
823 3751 923 3803 arnas,
940 3739 1096 3805 avertere,
1114 3728 1241 3813 perdesl

250 3815 311 3879 ista
328 3836 545 3899 repercussae,
563 3837 658 3899 quam
676 3814 793 3892 cernis,
810 3811 955 3898 imaginis
973 3813 1086 3878 umbra
1103 3824 1165 3878 est:

183 3922 233 3971 435
251 3900 295 3964 nil
312 3900 407 3964 habet
424 3901 484 3964 ista
502 3901 566 3977 sui3
584 3911 690 3965 tecum
707 3901 854 3985 venitque
870 3910 1053 3982 manetque3

251 3997 355 4050 tecum
374 3986 527 4062 discedet,
545 3985 572 4050 si
589 3997 624 4050 tu
642 3984 802 4051 discedere
819 3982 930 4070 possis.

250 4094 315 4140 non
331 4071 420 4136 illum
439 4068 578 4150 Cereris,
596 4092 659 4135 non
677 4071 766 4136 illum
783 4093 859 4137 cura
875 4069 990 4158 quietis
