2574 4478
160 285 221 352 168
510 297 543 352 Ρ.
562 298 686 355 OVIDII
703 297 866 355 NASONIS

157 422 256 499 misit,
275 432 307 486 et
325 420 484 507 oppositas
504 422 625 487 disiecit
642 422 781 507 pondere
798 422 910 486 nubes.

90 527 139 579 180
157 508 286 573 reccidit
303 508 336 572 in
354 508 487 573 solidam
505 509 599 593 longo
617 520 690 593 post
706 518 847 592 tempore
865 519 981 572 terram

157 595 281 679 pondus
300 605 330 658 et
349 593 492 658 exhibuit
508 593 648 657 iunctam
666 615 738 657 cum
757 593 876 657 viribus
895 606 1005 658 artem.

157 679 300 764 protinus
317 679 501 763 imprudens
520 690 673 761 actusque
691 679 839 763 cupidine
856 679 945 743 lusus

157 765 266 830 tollere
284 764 477 828 Taenarides
495 765 604 827 orbem
621 764 820 846 properabat.
864 775 896 828 at
914 764 1003 828 illum

158 851 237 917 dura
254 871 438 934 repercusso
464 849 598 914 subiecit
620 850 751 914 verbere
768 849 862 913 tellus

91 957 139 1006 100
157 936 190 999 in
208 936 328 1010 vultus,
348 933 539 1034 Hyacinthe,
553 945 639 998 tuos.
683 934 835 1019 expalluit
852 955 963 1017 aeque,

158 1043 254 1104 quam
271 1043 360 1104 puer,
378 1042 446 1105 ipse
464 1019 557 1096 deus,
576 1020 794 1103 collapsusque
812 1019 927 1103 excipit
946 1030 1045 1098 artus,

159 1117 190 1170 et
207 1106 301 1169 modo
320 1118 351 1169 te
368 1104 505 1180 refovet,
523 1104 618 1168 modo
636 1104 737 1168 tristia
754 1105 886 1168 vulnera
903 1105 1010 1179 siccat,

157 1213 243 1255 nunc
261 1191 399 1254 animam
418 1190 553 1254 admotis
571 1189 746 1274 fugientem
764 1189 897 1254 sustinet
914 1188 1032 1255 herbis.

157 1277 202 1340 nil
220 1288 352 1360 prosunt
370 1287 467 1339 artes:
486 1287 553 1340 erat
570 1274 789 1340 inmedicabile
807 1275 932 1339 vulnus.

93 1381 142 1432 190
158 1372 195 1426 ut
212 1362 238 1426 si
256 1362 326 1444 quis
344 1361 443 1425 violas
460 1360 591 1444 riguove
608 1383 748 1446 papaver
763 1361 796 1424 in
815 1361 906 1425 horto

157 1448 285 1530 liliaque
302 1446 454 1530 infringat
472 1445 567 1509 fulvis
585 1444 743 1509 horrentia
759 1445 888 1530 linguis,

66 1609 67 1612 Ἴ
158 1533 298 1597 marcida
315 1532 481 1596 demittant
499 1530 603 1595 subito
621 1541 716 1615 caput
733 1531 787 1595 illa
804 1531 924 1595 vietum

157 1641 216 1683 nec
235 1641 269 1682 se
286 1618 476 1694 sustineant,
496 1626 700 1701 spectentque
718 1617 881 1681 cacumine
898 1628 1030 1684 terrama

159 1704 204 1769 sic
221 1703 326 1767 vultus
344 1703 481 1766 moriens
499 1701 580 1766 iacet
597 1712 629 1766 et
646 1701 771 1766 defecta
787 1702 896 1787 vigore

92 1808 141 1860 195
158 1789 226 1874 ipsa
244 1788 303 1852 sibi
321 1799 368 1853 est
387 1788 474 1852 oneri
492 1786 599 1852 cervix
615 1809 789 1870 umeroque
806 1787 972 1853 recumbit.

159 1874 313 1953 “laberis‚
333 1871 503 1949 Oebalide,
521 1873 624 1958 prima
640 1872 784 1938 fraudate
801 1872 962 1950 iuventa,'’

159 1959 311 2024 Phoebus
330 1960 373 2022 ait
391 1959 571 2042 “videoque
588 1970 694 2035 tuum,
711 1981 784 2024 mea
801 1958 945 2036 crimina,
965 1959 1093 2026 vulnus.

159 2058 195 2109 tu
213 2045 302 2109 dolor
319 2068 352 2109 es
370 2044 557 2127 facinusque
574 2067 695 2122 meum3
713 2067 785 2109 mea
802 2044 932 2110 dextera
949 2044 1015 2110 leto

160 2131 360 2195 inscribenda
377 2142 432 2194 tuo
450 2142 511 2206 est3
530 2151 590 2215 ego
608 2152 680 2194 sum
696 2129 754 2193 tibi
771 2130 890 2194 funeris
908 2142 1029 2195 auctor.

93 2236 143 2284 200
160 2237 242 2298 quae
260 2238 331 2281 mea
349 2216 442 2301 culpa
460 2215 585 2280 tamen?
602 2215 663 2279 nisi
680 2215 708 2280 si
724 2215 837 2281 lusisse
854 2215 960 2280 vocari

160 2302 253 2387 culpa
270 2312 388 2388 potest,
406 2301 466 2365 nisi
483 2301 577 2385 culpa
593 2311 698 2386 potest
714 2312 745 2365 et
764 2323 886 2366 amasse
904 2301 1022 2366 vocari.

159 2399 254 2470 atque
272 2386 393 2451 utinam
415 2409 472 2470 pro
490 2397 523 2450 te
539 2387 637 2450 vitam
654 2397 796 2450 tecumve
813 2385 923 2450 liceret

159 2471 553 2556 redderelquodquoniam
570 2471 660 2536 fatali
676 2472 748 2557 lege
765 2484 917 2547 tenemur,

160 2580 284 2643 semper
301 2560 362 2622 eris
379 2579 504 2622 mecum
521 2557 716 2640 memorique
733 2557 877 2623 haerebis
894 2557 928 2623 in
946 2578 1010 2623 ore.

92 2663 141 2713 205
159 2656 190 2708 te
207 2644 276 2727 lyra
293 2644 385 2728 pulsa
401 2665 513 2719 manu,
532 2653 563 2708 te
582 2643 721 2706 carmina
738 2654 845 2708 nostra
863 2643 1032 2720 sonabunt,

158 2729 280 2811 flosque
297 2750 398 2792 novus
417 2728 532 2812 scripto
549 2728 686 2812 gemitus
703 2728 868 2794 imitabere
883 2739 1018 2793 nostros.

159 2826 283 2900 tempus
302 2824 333 2878 et
350 2814 427 2879 illud
446 2815 517 2892 erit,
536 2835 600 2897 quo
619 2835 653 2878 se
670 2812 859 2878 fortissimus
875 2812 968 2878 heros

161 2899 257 2963 addat
273 2899 307 2963 in
323 2899 409 2964 hunc
425 2899 535 2963 florem
552 2898 691 2981 folioque
708 2898 833 2984 legatur
850 2898 993 2964 eodem.’'

160 2984 235 3048 talia
253 2985 329 3048 dum
346 3007 422 3050 vero
439 2995 654 3050 memorantur
671 2985 829 3070 Apollinis
847 3007 911 3063 ore,

92 3090 142 3140 210
160 3092 233 3135 0000
251 3092 352 3148 cruor,
372 3069 427 3154 qui
444 3070 534 3134 fusus
552 3069 648 3134 humo
667 3070 846 3155 signaverat
862 3070 988 3148 herbas,

159 3156 275 3220 desinit
292 3179 361 3221 esse
379 3177 481 3231 cruor,
499 3155 661 3240 Tyrioque
679 3155 827 3220 nitentior
843 3167 927 3221 ostro

158 3242 216 3306 flos
234 3241 333 3305 oritur
350 3241 547 3324 formamque
565 3241 650 3326 capit
666 3263 763 3324 quam
780 3242 858 3319 lilia,
877 3242 985 3306 sinon

158 3348 336 3411 purpureus
355 3327 440 3391 color
458 3327 521 3402 his,
540 3338 708 3412 argenteus
727 3338 810 3392 esset
827 3327 860 3391 in
877 3327 949 3391 illis.

158 3434 222 3476 non
239 3413 316 3477 satis
333 3411 393 3476 hoc
410 3411 543 3476 Phoebo
562 3423 609 3477 est
626 3410 667 3494 (is
685 3412 769 3477 enim
787 3412 847 3476 fuit
865 3423 974 3477 auctor
992 3411 1149 3498 honoris)r

91 3516 140 3566 215
159 3498 226 3583 ipse
245 3520 318 3563 suos
336 3497 473 3582 gemitus
491 3497 574 3562 foliis
591 3497 748 3574 inscribit,
766 3507 798 3562 et
814 3498 865 3562 AI
883 3497 934 3561 AI

158 3584 216 3648 flos
234 3584 331 3648 habet
347 3582 547 3668 inscriptum,
565 3583 754 3665 funestaque
771 3584 873 3648 littera
891 3583 988 3647 ducta
1004 3594 1063 3647 est.

159 3691 218 3734 neo
236 3670 384 3755 genuisse
401 3669 500 3754 pudet
518 3668 656 3754 Sparten
673 3668 892 3752 Hyacinthon,
910 3668 1075 3753 honorque

160 3755 252 3819 durat
268 3755 302 3818 in
319 3755 380 3818 hoc
397 3755 467 3820 aevi
473 3779 482 3831 ;
502 3754 751 3837 celebrandaque
769 3776 855 3818 more
873 3754 1015 3839 priorum

160 3863 266 3904 annua
278 3840 423 3941 praelata
440 3841 573 3905 redeunt
591 3839 786 3923 Hyacinthia
802 3861 928 3924 pompa.

92 3944 143 3997 220
202 3925 248 3989 At
261 3948 288 3989 s1
301 3925 381 3992 forte
390 3947 483 4026 roges
492 3926 661 3990 fecundam
671 3924 870 3989 Amathunta
881 3925 1029 4003 metallis,
1049 3925 1172 3979 &aare

160 4034 202 4075 an
218 4010 366 4112 genuisse
383 4011 459 4077 veht
475 4009 698 4094 Propoetidas,
717 4011 835 4074 abnuet
852 4031 953 4095 aeque

159 4105 254 4183 atque
267 4095 348 4175 illos,
361 4094 489 4184 gemino
502 4095 663 4182 quondam
676 4095 792 4181 quibus
806 4117 919 4183 aspera
933 4117 1033 4163 cornu
