2574 4478
229 306 594 365 METAMORPHOSEON
610 306 683 362 LIB.
701 305 780 363 XIV.
798 304 926 362 28—115.
1022 288 1087 357 237

67 455 144 499 mox
161 433 273 498 eadem
290 433 431 497 Teucras
447 432 552 497 fuerat
569 454 711 496 mersura
728 429 859 505 carinas,

65 521 99 584 ni
118 519 207 605 prius
224 518 258 583 in
275 517 455 603 scopulum,
474 516 529 601 qui
547 538 631 582 nuno
649 537 775 601 quoque
793 538 907 580 saxeus
927 524 1022 591 extat,

67 603 292 670 transformata
308 603 399 668 foret.
443 604 607 688 scopulum
625 622 752 685 quoque
769 600 877 665 navita
893 600 981 665 vitat.
1106 619 1139 668 14

110 691 210 755 Hunc
226 689 283 754 ubi
299 687 456 753 Troianae
473 688 567 753 remis
586 687 774 770 avidamque
792 684 990 772 Charybdim
1045 700 1155 755 Aeneas.

69 775 193 842 evicere
210 784 308 851 rates,
327 796 400 838 cum
416 773 480 838 iam
497 796 595 859 prope
612 773 687 837 litus
705 773 852 837 adessent

68 860 263 935 Ausonium,
281 859 420 943 Libycas
439 870 533 924 vento
550 858 730 925 referuntur
747 858 789 922 ad
806 878 886 922 oras.

69 946 187 1032 excipit
203 945 337 1009 Aenean
354 944 418 1008 illio
436 944 605 1027 animoque
622 945 791 1027 domoque,

68 1054 133 1095 non
150 1032 232 1095 bene
251 1029 416 1094 discidium
433 1029 569 1114 Phrygii
584 1030 687 1094 latura
703 1029 817 1105 mariti,

69 1115 208 1182 Sidonis.
251 1115 347 1198 inque
365 1137 444 1199 pyra
462 1115 543 1179 sacri
561 1116 620 1179 sub
638 1114 775 1200 imagine
793 1114 878 1179 facta
1106 1131 1140 1182 80

68 1201 213 1266 incubuit
231 1200 325 1277 ferro,
343 1201 538 1285 deceptaque
556 1200 672 1286 decipit
690 1222 808 1264 omnes.

69 1310 178 1352 rursus
196 1286 369 1350 harenosae
385 1285 513 1371 fugiens
531 1307 613 1349 nova
630 1286 755 1350 moenia
771 1295 873 1350 terrae

69 1374 109 1437 ad
128 1371 299 1455 sedemque
317 1371 430 1455 Erycis
447 1371 610 1454 fidumque
627 1371 744 1436 relatus
762 1371 902 1435 Acesten

70 1457 226 1523 sacrificat
243 1457 463 1539 tumulumque
481 1457 531 1520 sui
548 1456 699 1541 genitoris
717 1455 859 1520 honorat.

68 1564 212 1626 quasque
229 1553 312 1606 rates
329 1541 390 1607 Iris
408 1542 544 1607 Iunonia
560 1564 660 1626 paene
678 1552 841 1617 cremarat,
1107 1560 1140 1610 85

69 1628 177 1705 solvit,
196 1638 227 1692 et
245 1626 448 1713 Hippotadae
465 1650 499 1692 re
545 1649 600 1691 um
617 1637 779 1710 terrasque
797 1625 912 1691 calenti

69 1714 221 1799 sulphure
238 1712 397 1777 fumantes
415 1650 708 1796 Acheldiadumque
726 1711 875 1795 relinquit

69 1795 219 1864 Sirenum
237 1799 393 1883 scopulos.
439 1799 612 1881 orbataque
629 1798 773 1883 praeside
790 1798 883 1883 pinus

68 1884 230 1950 Inarimen
247 1882 492 1968 Prochytenque
508 1883 585 1968 legit
603 1883 763 1966 sterilique
780 1884 899 1948 locatas

69 1971 148 2035 colle
166 1968 370 2047 Pithecusas,
388 1968 586 2034 habitantum
602 1968 728 2033 nomine
747 1969 856 2032 dictas.
1108 1984 1156 2052 90}

89 2055 188 2141 uippe
206 2055 301 2119 deum
317 2053 442 2139 genitor
458 2054 603 2119 fraudem
621 2065 652 2118 et
668 2054 805 2139 periuria
823 2054 982 2137 quondam
1003 2070 1157 2139 (cercopes.)

67 2077 252 2225 dercopum
269 2161 384 2204 exosus
401 2140 568 2224 gentisque
585 2139 723 2204 admissa
741 2140 877 2215 dolosae,

68 2226 102 2290 in
119 2224 261 2290 deforme
279 2224 362 2290 viros
379 2225 496 2289 animal
513 2225 660 2301 mutavit,
678 2237 714 2288 ut
730 2224 814 2289 idern

69 2311 236 2376 dissimiles
254 2309 373 2375 homini
389 2321 518 2396 possent
535 2310 714 2393 similesque
732 2310 845 2374 videri:

67 2397 275 2480 membraque
293 2396 448 2470 contraxit
463 2417 619 2479 naresque
637 2419 656 2459 a
673 2396 776 2461 fronte
793 2397 922 2461 resimas
1108 2416 1139 2465 95

69 2482 214 2548 contudit
231 2492 262 2546 et
278 2482 367 2567 rugis
384 2482 542 2567 peraravit
559 2481 693 2546 anilibus
712 2503 781 2558 ora;

69 2579 199 2651 totaque
217 2567 336 2632 velatos
353 2567 482 2632 flaventi
500 2590 632 2653 corpora
648 2567 722 2631 villo

68 2654 156 2718 misit
173 2653 207 2717 in
224 2653 281 2717 has
300 2652 400 2718 sedes.
443 2675 583 2719 necnon
601 2652 688 2738 prius
706 2653 834 2717 abstulit
852 2675 946 2716 usum

68 2740 241 2804 verborum
258 2749 289 2803 et
306 2749 399 2804 natae
417 2738 485 2803 dira
502 2736 535 2802 in
552 2738 689 2824 periuria
705 2738 847 2822 linguae:

68 2846 164 2911 posse
182 2825 271 2908 queri
288 2834 411 2888 tantum
427 2847 524 2889 rauco
542 2824 674 2888 stridore
691 2823 826 2906 reliquit.
1109 2843 1158 2893 100

112 2911 185 2974 Has
203 2909 259 2973 ubi
276 2909 435 2994 praeteriit
453 2921 485 2974 et
500 2909 732 2995 Parthenopeia
750 2909 860 2973 dextra
1022 2907 1122 2975 Sibylla
1134 2915 1158 2960 et

68 2995 197 3062 moenia
214 2995 365 3072 descruit,
383 2996 475 3060 laeva
492 2995 531 3060 de
548 3007 637 3081 parte
655 2995 760 3059 canori
1035 2978 1145 3029 Am·

68 3080 226 3148 Aeolidae
245 3081 400 3144 tumulum
419 3092 450 3145 et
466 3081 537 3145 loca
554 3082 619 3145 feta
635 3079 827 3166 palustribus
845 3079 937 3156 ulvis,

67 3169 164 3233 litora
182 3163 356 3231 Cumarum
374 3165 556 3249 vivacisque
574 3177 664 3230 antra
682 3165 824 3250 Sibyllae

66 3255 166 3319 intrat
184 3262 230 3328 ct,
248 3251 288 3315 ad
306 3251 421 3317 Manes
439 3253 545 3317 veniat
562 3274 619 3336 per
635 3251 765 3316 Averna
782 3261 940 3336 paternos,
1111 3270 1158 3319 105

68 3350 150 3404 orat.
194 3336 297 3402 stilla
315 3337 370 3401 diu
388 3338 510 3402 vultum
528 3337 638 3402 tellure
656 3349 812 3402 moratum

68 3422 171 3491 erexit
189 3424 380 3507 tandemque
398 3423 457 3488 deo
474 3423 645 3487 furibunda
662 3434 787 3508 recepto

68 3519 204 3595 ‘magna
220 3508 321 3594 petis‚'
341 3508 419 3572 dixit
436 3509 498 3573 ‘vir
515 3508 605 3573 factis
623 3508 774 3584 maxime,
793 3508 882 3573 cuius

68 3597 201 3661 dextera
217 3616 275 3679 per
292 3593 424 3669 ferrum,
441 3594 541 3678 pietas
559 3605 700 3678 spectata
717 3617 773 3679 per
790 3594 890 3679 ignes.

90 3703 152 3746 one
170 3690 291 3754 tamen,
309 3679 460 3755 Troiane,
478 3691 612 3744 metum:
630 3679 749 3764 potiere
766 3679 881 3764 petitis,
1006 3717 1008 3724 ·
1111 3699 1158 3748 110

98 3765 260 3851 lysiasque
277 3765 387 3829 domos
405 3776 437 3829 et
453 3788 551 3851 regna
567 3764 738 3829 novissima
754 3764 864 3828 mundi

65 3875 119 3916 me
137 3851 219 3916 duce
238 3872 408 3936 cognosces
427 3851 655 3932 simulacraque
673 3873 745 3915 cara
763 3849 911 3935 parentis.

65 3937 161 4013 invia,
171 3936 280 4000 virtuti
297 3937 384 4000 nulla
401 3946 449 4001 est
466 3935 536 4000 via!
580 3935 658 4000 dixit
675 3947 707 4002 et
724 3959 800 4000 auro

65 4022 246 4109 fulgentem
263 4043 387 4086 ramum
404 4020 483 4085 silva
499 4021 630 4086 Iunonis
648 4022 797 4087 Avernae

66 4107 271 4186 monstravit,
288 4106 442 4193 iussitque
459 4129 517 4173 suo
534 4107 682 4176 divellere
699 4119 820 4174 trunco.
