2574 4478
217 290 219 295 .
241 262 607 322 METAMORPHOSEON
623 265 694 322 LIB.
714 267 736 323 1.
755 268 898 324 562-649.
1035 257 1077 324 15

63 406 157 470 quem
176 395 344 471 postquam
362 389 448 452 caelo
465 411 528 452 non
545 390 696 475 repperit,
715 397 784 455 ‘aut
802 413 861 476 ego
878 392 979 470 fallor,

62 483 119 536 aut
136 494 197 556 ego
213 471 336 536 laedor’
354 472 411 550 ait,
430 474 620 559 delapsaque
638 475 678 540 ab
696 477 821 542 aethere
839 500 961 540 summo

63 557 201 622 constit't
218 558 251 620 in
268 557 358 622 terris
375 559 570 643 nebulasque
586 561 731 626 recedere
747 562 848 626 iussit.

62 643 207 743 coniugis
224 642 395 708 adventum
412 657 629 730 praesenserat
645 647 740 729 inque
757 648 907 712 nitentem

60 727 231 793 Inachidos
248 728 355 793 vultus
371 741 547 795 mutaverat
563 731 616 795 ille
633 732 808 797 iuvencam.
1092 753 1144 804 61⁰

61 813 121 878 bos
138 834 265 897 quoque
281 813 420 880 formosa
436 826 493 880 est.
537 817 674 901 speciem
693 816 842 883 Saturnia
858 841 984 895 vaccae,

62 919 256 982 quamquam
272 898 383 976 invita,
400 901 526 985 probat3
544 924 603 965 nec
621 924 683 965 non
701 912 732 966 et
749 903 838 966 cuius
856 914 888 969 et
905 904 989 969 uude

61 1006 166 1068 quove
183 984 223 1048 sit
239 995 390 1062 armento,
409 986 475 1050 veri
492 987 582 1069 quasi
599 988 705 1052 nescia
722 989 854 1071 quaerit.

61 1069 205 1154 Iuppiter
221 1091 239 1133 e
257 1079 341 1133 terra
356 1071 496 1155 genitam
512 1072 672 1149 mentitur,
689 1084 726 1137 ut
742 1084 852 1137 auctor

63 1155 185 1219 desinat
201 1154 326 1237 inquiri.
370 1155 448 1240 petit
463 1156 545 1220 hanc
564 1155 713 1223 Saturnia
729 1181 854 1222 munus.
1093 1179 1142 1228 615

61 1239 139 1324 quid
155 1239 270 1304 faciat?
287 1239 426 1317 crudele,
445 1263 518 1306 suos
536 1242 680 1306 addicere
699 1264 834 1307 amores:

61 1348 125 1390 non
143 1325 232 1401 dare,
251 1336 431 1410 suspectum
450 1337 506 1389 est.
549 1327 653 1410 pudor
670 1339 717 1403 est
734 1329 789 1411 qui
807 1328 938 1392 suadeat
954 1328 1050 1404 illinc,

61 1411 134 1475 hinc
152 1409 312 1474 dissuadet
330 1432 426 1475 amor.
468 1411 571 1475 victus
588 1411 690 1496 pudor
707 1422 790 1476 esset
807 1433 927 1477 amore:

62 1496 132 1572 sed,
149 1495 219 1560 leve
236 1495 263 1559 si
281 1516 395 1559 munus
413 1494 516 1560 sociae
534 1496 721 1580 generisque
739 1496 861 1579 torique

61 1603 159 1645 vacca
175 1591 354 1665 negaretur,
371 1591 494 1664 poterat
510 1603 574 1644 non
591 1602 689 1645 vacca
705 1580 813 1645 videri.

62 1667 182 1751 paelice
200 1666 316 1730 donata
332 1687 396 1729 non
412 1665 555 1750 protinus
573 1667 660 1731 exuit
677 1688 802 1730 omnem

61 1753 135 1815 diva
151 1762 285 1826 metum,
302 1750 468 1834 timuitque
485 1750 596 1816 Iovem
614 1762 645 1816 et
662 1751 723 1815 fuit
739 1751 833 1815 anxia
850 1749 936 1827 furti,

60 1839 162 1901 donec
177 1836 380 1901 Arestoridae
398 1836 585 1900 servandam
603 1836 731 1900 tradidit
747 1837 848 1921 Argo.

59 1933 186 1986 centum
203 1921 373 1986 luminibus
391 1921 528 1986 cinctum
546 1932 642 2005 caput
659 1923 768 2006 Argus
786 1920 937 1986 habebat:
1027 1935 1143 2004 (Arpos.)

59 2007 134 2071 inde
151 2006 216 2072 suis
234 2006 355 2070 vicibus
373 2007 540 2092 capiebant
556 2007 631 2071 bina
648 2006 796 2090 quietem,
1094 2025 1143 2074 625

60 2103 165 2158 cetera
182 2092 350 2158 servabant
366 2103 462 2176 atque
478 2092 512 2155 in
530 2092 662 2156 statione
679 2092 859 2156 manebant.

59 2178 241 2243 constiterat
258 2198 459 2260 quocumque
476 2177 581 2253 modo,
599 2177 763 2262 spectabat
780 2177 821 2241 ad
837 2176 889 2240 lot

58 2274 132 2328 ante
150 2263 257 2327 oculos
274 2263 326 2337 10,
343 2263 487 2345 quamvis
505 2284 648 2337 aversus,
666 2260 813 2325 habebat.

57 2349 129 2413 luce
147 2347 221 2411 sinit
237 2348 341 2432 pasci3
378 2368 451 2411 cum
468 2347 514 2411 sol
532 2348 643 2412 tellure
660 2346 720 2411 sub
738 2348 802 2411 alta
819 2354 877 2422 est,

59 2432 177 2498 claudit
195 2443 227 2496 et
243 2431 374 2518 indigno
392 2432 566 2497 circumdat
582 2432 709 2496 vincula
726 2432 816 2496 collo.

57 2518 224 2583 frondibus
242 2517 381 2582 arboreis
398 2527 430 2582 et
447 2540 554 2581 amara
570 2517 710 2602 pascitur
726 2516 835 2591 herba,

57 2625 180 2704 proque
197 2613 265 2667 toro
282 2613 383 2669 terrae
401 2624 465 2667 non
482 2625 606 2687 semper
622 2625 753 2687 gramen
770 2599 899 2665 habenti

57 2689 188 2753 incubat
204 2687 314 2753 infelix
330 2688 505 2771 limosaque
522 2687 652 2752 flumina
668 2697 766 2772 potat.

56 2775 113 2839 illa
129 2775 225 2838 etiam
242 2796 301 2858 sup
324 2773 377 2838 lex
393 2774 484 2858 Argo
501 2794 575 2837 cum
592 2772 739 2837 bracchia
755 2772 849 2837 vellet

57 2859 200 2937 tendere,
218 2881 283 2923 non
298 2797 410 2923 habuit
427 2880 509 2941 quae
526 2858 675 2923 bracchia
691 2857 833 2923 tenderet
850 2857 955 2942 Arg03

57 2957 89 3010 et
107 2956 221 3009 conata
238 2944 327 3028 queri
343 2944 483 3029 mugitus
501 2944 599 3007 edidit
616 2965 670 3008 ore

57 3030 281 3116 pertimuitque
298 3050 391 3093 sonos
407 3029 599 3177 propriaque
617 3028 764 3093 exterrita
781 3050 858 3093 voce
877 3038 933 3092 est.

57 3115 145 3180 venit
161 3125 193 3179 et
210 3115 252 3178 ad
268 3115 367 3199 ripas,
384 3135 406 3177 u
429 3113 441 3177 i
456 3113 565 3177 ludere
583 3136 677 3198 saepe
695 3113 825 3188 solebat,

57 3199 226 3264 Inachidas
243 3199 339 3283 ripas.
374 3220 519 3281 novaque
536 3209 571 3263 ut
590 3198 752 3283 conspexit
769 3198 802 3262 in
818 3196 905 3261 unda

57 3308 190 3360 cornua,
206 3283 368 3369 pertimuit
384 3305 482 3366 seque
499 3294 664 3348 externata
680 3283 807 3368 refugit.

56 3370 175 3434 Naides
193 3369 354 3454 ignorant:
371 3368 497 3453 ignorat
514 3379 546 3433 et
562 3368 700 3434 Inachus
717 3369 795 3453 ipse,

57 3478 138 3538 quae
156 3455 207 3518 sit.
250 3472 283 3518 at
300 3454 354 3518 illa
371 3465 493 3539 patrem
512 3453 653 3536 sequitur
670 3455 873 3537 sequiturque
891 3473 1023 3528 sorores,

56 3552 88 3605 et
104 3540 224 3626 patitur
241 3540 330 3624 tangi
347 3560 445 3622 seque
463 3538 690 3603 admirantibus
708 3538 809 3603 offert

56 3627 220 3710 decerptas
238 3625 343 3689 senior
359 3634 542 3709 porrexerat
558 3624 696 3688 Inachus
714 3624 842 3688 herbas:

55 3713 109 3775 illa
125 3732 240 3775 manus
257 3709 368 3774 lambit
384 3710 555 3794 patriisque
574 3710 628 3772 dat
645 3709 754 3774 oscula
769 3709 892 3794 palmis,

54 3819 114 3861 nec
131 3796 246 3861 retinet
261 3795 407 3859 lacrimas
425 3804 470 3873 et,
488 3795 515 3858 si
532 3794 626 3859 modo
643 3794 741 3858 verba
758 3805 938 3875 sequantur,

55 3893 123 3946 oret
140 3902 234 3966 opem
252 3901 430 3963 nomenque
448 3902 542 3945 suum
560 3901 714 3962 casusque
731 3879 888 3961 loquatur.

53 3967 157 4031 littera
174 3987 233 4054 pro
252 3965 370 4040 verbis,
389 3987 484 4048 quam
502 3987 559 4049 pes
576 3965 609 4028 in
626 3965 756 4049 pulvere
774 3963 874 4040 duxit,

54 4052 195 4139 corporis
212 4050 363 4117 indicium
381 4051 494 4116 mutati
512 4049 598 4116 triste
614 4047 746 4136 peregit.
