<?xml version="1.0" encoding="UTF-8"?>
<!DOCTYPE html PUBLIC "-//W3C//DTD XHTML 1.0 Transitional//EN"
    "http://www.w3.org/TR/xhtml1/DTD/xhtml1-transitional.dtd">
<html xmlns="http://www.w3.org/1999/xhtml" xml:lang="en" lang="en">
 <head>
  <title>
</title>
<meta http-equiv="Content-Type" content="text/html;charset=utf-8" />
  <meta name='ocr-system' content='tesseract 3.04.00' />
  <meta name='ocr-capabilities' content='ocr_page ocr_carea ocr_par ocr_line ocrx_word'/>
</head>
<body>
  <div class='ocr_page' id='page_1' title='image "./carmina03ovidgoog_0141.png"; bbox 0 0 2574 4478; ppageno 0'>
   <div class='ocr_carea' id='block_1_1' title="bbox 227 199 910 272">
    <p class='ocr_par' dir='ltr' id='par_1_1' title="bbox 227 199 910 272">
     <span class='ocr_line' id='line_1_1' title="bbox 227 199 910 272; baseline 0.003 -4"><span class='ocrx_word' id='word_1_1' title='bbox 227 199 270 268; x_wconf 86' lang='lat'>84</span> <span class='ocrx_word' id='word_1_2' title='bbox 405 250 408 255; x_wconf 53' lang='grc'>«</span> <span class='ocrx_word' id='word_1_3' title='bbox 556 213 590 268; x_wconf 86' lang='lat' dir='ltr'>P.</span> <span class='ocrx_word' id='word_1_4' title='bbox 609 214 732 272; x_wconf 86' lang='lat' dir='ltr'>ovmn</span> <span class='ocrx_word' id='word_1_5' title='bbox 749 213 910 271; x_wconf 72' lang='lat' dir='ltr'>ursonis</span> 
     </span>
    </p>
   </div>
   <div class='ocr_carea' id='block_1_2' title="bbox 113 336 1244 4004">
    <p class='ocr_par' dir='ltr' id='par_1_2' title="bbox 159 336 1160 594">
     <span class='ocr_line' id='line_1_2' title="bbox 159 336 989 423; baseline -0.002 -21"><span class='ocrx_word' id='word_1_6' title='bbox 159 357 210 408; x_wconf 82' lang='grc'>405</span> <span class='ocrx_word' id='word_1_7' title='bbox 227 348 418 423; x_wconf 80' lang='lat' dir='ltr'>pectoraque</span> <span class='ocrx_word' id='word_1_8' title='bbox 434 336 468 401; x_wconf 92' lang='lat' dir='ltr'>in</span> <span class='ocrx_word' id='word_1_9' title='bbox 484 347 594 403; x_wconf 90' lang='lat' dir='ltr'>tenues</span> <span class='ocrx_word' id='word_1_10' title='bbox 612 337 730 402; x_wconf 90' lang='lat' dir='ltr'>abeunt</span> <span class='ocrx_word' id='word_1_11' title='bbox 746 338 880 403; x_wconf 82' lang='lat' dir='ltr'>evanida</span> <span class='ocrx_word' id='word_1_12' title='bbox 897 338 989 401; x_wconf 91' lang='lat' dir='ltr'>rivos.</span> 
     </span>
     <span class='ocr_line' id='line_1_3' title="bbox 226 422 953 509; baseline -0.004 -21"><span class='ocrx_word' id='word_1_13' title='bbox 226 422 362 506; x_wconf 90' lang='lat' dir='ltr'>denique</span> <span class='ocrx_word' id='word_1_14' title='bbox 378 444 435 508; x_wconf 93' lang='lat' dir='ltr'>pro</span> <span class='ocrx_word' id='word_1_15' title='bbox 453 423 526 488; x_wconf 93' lang='lat' dir='ltr'>vivo</span> <span class='ocrx_word' id='word_1_16' title='bbox 543 423 667 487; x_wconf 88' lang='lat' dir='ltr'>vitiatas</span> <span class='ocrx_word' id='word_1_17' title='bbox 685 423 838 509; x_wconf 86' lang='lat' dir='ltr'>sanguine</span> <span class='ocrx_word' id='word_1_18' title='bbox 857 445 953 487; x_wconf 90' lang='lat' dir='ltr'>venas</span> 
     </span>
     <span class='ocr_line' id='line_1_4' title="bbox 225 506 1160 594; baseline -0.001 -20"><span class='ocrx_word' id='word_1_19' title='bbox 225 508 356 594; x_wconf 89' lang='lat' dir='ltr'>lympha</span> <span class='ocrx_word' id='word_1_20' title='bbox 373 509 471 585; x_wconf 85' lang='lat' dir='ltr'>subit,</span> <span class='ocrx_word' id='word_1_21' title='bbox 489 517 648 592; x_wconf 88' lang='lat' dir='ltr'>restatque</span> <span class='ocrx_word' id='word_1_22' title='bbox 665 508 757 584; x_wconf 88' lang='lat' dir='ltr'>nihil,</span> <span class='ocrx_word' id='word_1_23' title='bbox 775 509 861 591; x_wconf 93' lang='lat' dir='ltr'>quod</span> <span class='ocrx_word' id='word_1_24' title='bbox 877 507 1030 593; x_wconf 89' lang='lat' dir='ltr'>prendere</span> <span class='ocrx_word' id='word_1_25' title='bbox 1048 506 1160 591; x_wconf 86' lang='lat' dir='ltr'>possis.</span> 
     </span>
    </p>

    <p class='ocr_par' dir='ltr' id='par_1_3' title="bbox 226 593 1004 764">
     <span class='ocr_line' id='line_1_5' title="bbox 268 593 945 678; baseline 0 -21"><span class='ocrx_word' id='word_1_26' title='bbox 268 594 394 658; x_wconf 85' lang='lat' dir='ltr'>Interea</span> <span class='ocrx_word' id='word_1_27' title='bbox 411 593 545 678; x_wconf 90' lang='lat' dir='ltr'>pavidae</span> <span class='ocrx_word' id='word_1_28' title='bbox 562 593 753 676; x_wconf 88' lang='lat' dir='ltr'>nequiquam</span> <span class='ocrx_word' id='word_1_29' title='bbox 770 593 836 657; x_wconf 91' lang='lat' dir='ltr'>filia</span> <span class='ocrx_word' id='word_1_30' title='bbox 852 593 945 657; x_wconf 90' lang='lat' dir='ltr'>matri</span> 
     </span>
     <span class='ocr_line' id='line_1_6' title="bbox 226 678 1004 764; baseline 0 -22"><span class='ocrx_word' id='word_1_31' title='bbox 226 679 372 743; x_wconf 90' lang='lat' dir='ltr'>omnibus</span> <span class='ocrx_word' id='word_1_32' title='bbox 389 691 437 744; x_wconf 90' lang='lat' dir='ltr'>est</span> <span class='ocrx_word' id='word_1_33' title='bbox 454 679 557 754; x_wconf 90' lang='lat' dir='ltr'>terris,</span> <span class='ocrx_word' id='word_1_34' title='bbox 576 679 661 742; x_wconf 90' lang='lat' dir='ltr'>omni</span> <span class='ocrx_word' id='word_1_35' title='bbox 677 679 819 762; x_wconf 88' lang='lat' dir='ltr'>quaesita</span> <span class='ocrx_word' id='word_1_36' title='bbox 835 678 1004 764; x_wconf 86' lang='lat' dir='ltr'>profundo.</span> 
     </span>
    </p>

    <p class='ocr_par' dir='ltr' id='par_1_4' title="bbox 159 763 1063 1181">
     <span class='ocr_line' id='line_1_7' title="bbox 159 763 910 849; baseline -0.005 -17"><span class='ocrx_word' id='word_1_37' title='bbox 159 764 311 834; x_wconf 82' lang='grc'><strong>4401110111</strong></span> <span class='ocrx_word' id='word_1_38' title='bbox 329 785 393 828; x_wconf 91' lang='lat' dir='ltr'>non</span> <span class='ocrx_word' id='word_1_39' title='bbox 409 765 481 828; x_wconf 91' lang='lat' dir='ltr'>udis</span> <span class='ocrx_word' id='word_1_40' title='bbox 498 763 626 829; x_wconf 88' lang='lat' dir='ltr'>veniens</span> <span class='ocrx_word' id='word_1_41' title='bbox 644 764 772 828; x_wconf 87' lang='lat' dir='ltr'>Aurora</span> <span class='ocrx_word' id='word_1_42' title='bbox 790 764 910 849; x_wconf 84' lang='lat' dir='ltr'>capillis</span> 
     </span>
     <span class='ocr_line' id='line_1_8' title="bbox 227 849 1021 934; baseline -0.001 -20"><span class='ocrx_word' id='word_1_43' title='bbox 227 860 401 914; x_wconf 79' lang='lat' dir='ltr'>cessantem</span> <span class='ocrx_word' id='word_1_44' title='bbox 418 849 510 926; x_wconf 89' lang='lat' dir='ltr'>vidit,</span> <span class='ocrx_word' id='word_1_45' title='bbox 527 870 592 913; x_wconf 92' lang='lat' dir='ltr'>non</span> <span class='ocrx_word' id='word_1_46' title='bbox 609 851 782 934; x_wconf 83' lang='lat' dir='ltr'>Hesperus.</span> <span class='ocrx_word' id='word_1_47' title='bbox 825 850 880 913; x_wconf 91' lang='lat' dir='ltr'>illa</span> <span class='ocrx_word' id='word_1_48' title='bbox 897 849 1021 913; x_wconf 90' lang='lat' dir='ltr'>duabus</span> 
     </span>
     <span class='ocr_line' id='line_1_9' title="bbox 225 933 1063 1020; baseline 0.001 -22"><span class='ocrx_word' id='word_1_49' title='bbox 225 933 427 999; x_wconf 85' lang='lat' dir='ltr'>flammiferas</span> <span class='ocrx_word' id='word_1_50' title='bbox 443 935 537 1020; x_wconf 87' lang='lat' dir='ltr'>pinus</span> <span class='ocrx_word' id='word_1_51' title='bbox 554 935 699 1001; x_wconf 90' lang='lat' dir='ltr'>manibus</span> <span class='ocrx_word' id='word_1_52' title='bbox 717 935 879 999; x_wconf 85' lang='lat' dir='ltr'>succendit</span> <span class='ocrx_word' id='word_1_53' title='bbox 897 935 938 998; x_wconf 89' lang='lat' dir='ltr'>ab</span> <span class='ocrx_word' id='word_1_54' title='bbox 956 936 1063 999; x_wconf 85' lang='lat' dir='ltr'>Aetna</span> 
     </span>
     <span class='ocr_line' id='line_1_10' title="bbox 226 1019 977 1105; baseline -0.003 -20"><span class='ocrx_word' id='word_1_55' title='bbox 226 1042 345 1105; x_wconf 88' lang='lat' dir='ltr'>perque</span> <span class='ocrx_word' id='word_1_56' title='bbox 362 1019 525 1104; x_wconf 88' lang='lat' dir='ltr'>pruinosas</span> <span class='ocrx_word' id='word_1_57' title='bbox 544 1021 615 1084; x_wconf 92' lang='lat' dir='ltr'>tulit</span> <span class='ocrx_word' id='word_1_58' title='bbox 631 1019 806 1103; x_wconf 83' lang='lat' dir='ltr'>inrequieta</span> <span class='ocrx_word' id='word_1_59' title='bbox 822 1021 977 1084; x_wconf 89' lang='lat' dir='ltr'>tenebras.</span> 
     </span>
     <span class='ocr_line' id='line_1_11' title="bbox 225 1104 1047 1181; baseline 0 -13"><span class='ocrx_word' id='word_1_60' title='bbox 225 1129 348 1181; x_wconf 86' lang='lat' dir='ltr'>rursus,</span> <span class='ocrx_word' id='word_1_61' title='bbox 365 1105 422 1169; x_wconf 88' lang='lat' dir='ltr'>ubi</span> <span class='ocrx_word' id='word_1_62' title='bbox 439 1105 522 1169; x_wconf 88' lang='lat' dir='ltr'>alma</span> <span class='ocrx_word' id='word_1_63' title='bbox 539 1105 606 1170; x_wconf 89' lang='lat' dir='ltr'>dies</span> <span class='ocrx_word' id='word_1_64' title='bbox 624 1104 787 1170; x_wconf 84' lang='lat' dir='ltr'>hebetarat</span> <span class='ocrx_word' id='word_1_65' title='bbox 804 1105 922 1181; x_wconf 90' lang='lat' dir='ltr'>sidera,</span> <span class='ocrx_word' id='word_1_66' title='bbox 939 1115 1047 1168; x_wconf 88' lang='lat' dir='ltr'>natam</span> 
     </span>
    </p>

    <p class='ocr_par' dir='ltr' id='par_1_5' title="bbox 158 1190 1097 1616">
     <span class='ocr_line' id='line_1_12' title="bbox 158 1190 940 1273; baseline -0.003 -18"><span class='ocrx_word' id='word_1_67' title='bbox 158 1212 207 1261; x_wconf 83' lang='lat'>445</span> <span class='ocrx_word' id='word_1_68' title='bbox 226 1192 299 1255; x_wconf 89' lang='lat' dir='ltr'>solis</span> <span class='ocrx_word' id='word_1_69' title='bbox 317 1191 358 1255; x_wconf 90' lang='lat' dir='ltr'>ab</span> <span class='ocrx_word' id='word_1_70' title='bbox 375 1211 488 1255; x_wconf 90' lang='lat' dir='ltr'>occasu</span> <span class='ocrx_word' id='word_1_71' title='bbox 506 1190 579 1255; x_wconf 91' lang='lat' dir='ltr'>solis</span> <span class='ocrx_word' id='word_1_72' title='bbox 596 1190 769 1273; x_wconf 91' lang='lat' dir='ltr'>quaerebat</span> <span class='ocrx_word' id='word_1_73' title='bbox 786 1191 826 1254; x_wconf 91' lang='lat' dir='ltr'>ad</span> <span class='ocrx_word' id='word_1_74' title='bbox 844 1201 940 1254; x_wconf 88' lang='lat' dir='ltr'>ortus.</span> 
     </span>
     <span class='ocr_line' id='line_1_13' title="bbox 224 1275 983 1360; baseline 0 -21"><span class='ocrx_word' id='word_1_75' title='bbox 224 1276 309 1341; x_wconf 87' lang='lat' dir='ltr'>fessa</span> <span class='ocrx_word' id='word_1_76' title='bbox 325 1276 432 1340; x_wconf 91' lang='lat' dir='ltr'>labore</span> <span class='ocrx_word' id='word_1_77' title='bbox 450 1277 534 1340; x_wconf 88' lang='lat' dir='ltr'>sitim</span> <span class='ocrx_word' id='word_1_78' title='bbox 551 1288 752 1360; x_wconf 88' lang='lat' dir='ltr'>conceperat,</span> <span class='ocrx_word' id='word_1_79' title='bbox 770 1297 887 1358; x_wconf 90' lang='lat' dir='ltr'>oraque</span> <span class='ocrx_word' id='word_1_80' title='bbox 904 1275 983 1339; x_wconf 90' lang='lat' dir='ltr'>nulli</span> 
     </span>
     <span class='ocr_line' id='line_1_14' title="bbox 226 1360 1019 1438; baseline -0.003 -12"><span class='ocrx_word' id='word_1_81' title='bbox 226 1363 398 1426; x_wconf 90' lang='lat' dir='ltr'>colluerant</span> <span class='ocrx_word' id='word_1_82' title='bbox 415 1361 532 1438; x_wconf 85' lang='lat' dir='ltr'>fontes,</span> <span class='ocrx_word' id='word_1_83' title='bbox 551 1383 623 1424; x_wconf 90' lang='lat' dir='ltr'>cum</span> <span class='ocrx_word' id='word_1_84' title='bbox 641 1372 756 1425; x_wconf 89' lang='lat' dir='ltr'>tectam</span> <span class='ocrx_word' id='word_1_85' title='bbox 773 1361 922 1426; x_wconf 87' lang='lat' dir='ltr'>stramine</span> <span class='ocrx_word' id='word_1_86' title='bbox 939 1360 1019 1426; x_wconf 92' lang='lat' dir='ltr'>vidit</span> 
     </span>
     <span class='ocr_line' id='line_1_15' title="bbox 225 1446 1053 1532; baseline 0.001 -22"><span class='ocrx_word' id='word_1_87' title='bbox 225 1446 306 1510; x_wconf 88' lang='lat' dir='ltr'>forte</span> <span class='ocrx_word' id='word_1_88' title='bbox 323 1469 429 1510; x_wconf 89' lang='lat' dir='ltr'>casam</span> <span class='ocrx_word' id='word_1_89' title='bbox 445 1467 622 1532; x_wconf 91' lang='lat' dir='ltr'>parvasque</span> <span class='ocrx_word' id='word_1_90' title='bbox 638 1446 722 1509; x_wconf 90' lang='lat' dir='ltr'>fores</span> <span class='ocrx_word' id='word_1_91' title='bbox 739 1446 886 1531; x_wconf 88' lang='lat' dir='ltr'>pulsavit.</span> <span class='ocrx_word' id='word_1_92' title='bbox 930 1446 1053 1511; x_wconf 85' lang='lat' dir='ltr'>atinde</span> 
     </span>
     <span class='ocr_line' id='line_1_16' title="bbox 225 1531 1097 1616; baseline 0.001 -22"><span class='ocrx_word' id='word_1_93' title='bbox 225 1531 328 1616; x_wconf 84' lang='lat' dir='ltr'>prodit</span> <span class='ocrx_word' id='word_1_94' title='bbox 345 1555 424 1596; x_wconf 88' lang='lat' dir='ltr'>anus</span> <span class='ocrx_word' id='word_1_95' title='bbox 442 1531 610 1614; x_wconf 90' lang='lat' dir='ltr'>divamque</span> <span class='ocrx_word' id='word_1_96' title='bbox 627 1531 712 1594; x_wconf 90' lang='lat' dir='ltr'>videt</span> <span class='ocrx_word' id='word_1_97' title='bbox 728 1531 954 1616; x_wconf 87' lang='lat' dir='ltr'>lymphamque</span> <span class='ocrx_word' id='word_1_98' title='bbox 970 1531 1097 1615; x_wconf 78' lang='lat' dir='ltr'>roganti</span> 
     </span>
    </p>

    <p class='ocr_par' dir='ltr' id='par_1_6' title="bbox 113 1616 1243 2042">
     <span class='ocr_line' id='line_1_17' title="bbox 113 1616 1020 1701; baseline -0.009 -15"><span class='ocrx_word' id='word_1_99' title='bbox 113 1639 115 1642; x_wconf 76' lang='grc'>’</span> <span class='ocrx_word' id='word_1_100' title='bbox 158 1637 209 1687; x_wconf 98' lang='grc'>450</span> <span class='ocrx_word' id='word_1_101' title='bbox 227 1617 318 1681; x_wconf 89' lang='lat' dir='ltr'>dulce</span> <span class='ocrx_word' id='word_1_102' title='bbox 335 1616 435 1692; x_wconf 90' lang='lat' dir='ltr'>dedit,</span> <span class='ocrx_word' id='word_1_103' title='bbox 453 1628 536 1681; x_wconf 90' lang='lat' dir='ltr'>tosta</span> <span class='ocrx_word' id='word_1_104' title='bbox 553 1617 638 1699; x_wconf 91' lang='lat' dir='ltr'>quod</span> <span class='ocrx_word' id='word_1_105' title='bbox 656 1627 776 1681; x_wconf 87' lang='lat' dir='ltr'>texerat</span> <span class='ocrx_word' id='word_1_106' title='bbox 794 1628 866 1680; x_wconf 91' lang='lat' dir='ltr'>ante</span> <span class='ocrx_word' id='word_1_107' title='bbox 884 1618 1020 1701; x_wconf 88' lang='lat' dir='ltr'>polenta.</span> 
     </span>
     <span class='ocr_line' id='line_1_18' title="bbox 226 1700 1243 1787; baseline -0.002 -21"><span class='ocrx_word' id='word_1_108' title='bbox 226 1702 303 1766; x_wconf 91' lang='lat' dir='ltr'>dum</span> <span class='ocrx_word' id='word_1_109' title='bbox 319 1701 400 1766; x_wconf 90' lang='lat' dir='ltr'>bibit</span> <span class='ocrx_word' id='word_1_110' title='bbox 415 1702 469 1766; x_wconf 90' lang='lat' dir='ltr'>illa</span> <span class='ocrx_word' id='word_1_111' title='bbox 487 1702 609 1777; x_wconf 90' lang='lat' dir='ltr'>datum,</span> <span class='ocrx_word' id='word_1_112' title='bbox 628 1700 698 1765; x_wconf 90' lang='lat' dir='ltr'>duri</span> <span class='ocrx_word' id='word_1_113' title='bbox 714 1725 793 1786; x_wconf 91' lang='lat' dir='ltr'>puer</span> <span class='ocrx_word' id='word_1_114' title='bbox 810 1701 872 1765; x_wconf 88' lang='grc'><strong>0110</strong></span> <span class='ocrx_word' id='word_1_115' title='bbox 890 1713 922 1766; x_wconf 91' lang='grc'>04</span> <span class='ocrx_word' id='word_1_116' title='bbox 939 1702 1044 1765; x_wconf 85' lang='lat' dir='ltr'>audax</span> <span class='ocrx_word' id='word_1_117' title='bbox 1121 1719 1243 1787; x_wconf 68' lang='lat' dir='ltr'>(Stellas)</span> 
     </span>
     <span class='ocr_line' id='line_1_19' title="bbox 226 1785 1066 1869; baseline 0 -19"><span class='ocrx_word' id='word_1_118' title='bbox 226 1785 364 1851; x_wconf 89' lang='lat' dir='ltr'>constitit</span> <span class='ocrx_word' id='word_1_119' title='bbox 381 1798 453 1851; x_wconf 90' lang='lat' dir='ltr'>ante</span> <span class='ocrx_word' id='word_1_120' title='bbox 471 1787 563 1851; x_wconf 89' lang='lat' dir='ltr'>deam</span> <span class='ocrx_word' id='word_1_121' title='bbox 579 1787 710 1869; x_wconf 90' lang='lat' dir='ltr'>risitque</span> <span class='ocrx_word' id='word_1_122' title='bbox 728 1787 915 1869; x_wconf 89' lang='lat' dir='ltr'>avidamque</span> <span class='ocrx_word' id='word_1_123' title='bbox 932 1787 1066 1850; x_wconf 78' lang='lat' dir='ltr'>vocavit</span> 
     </span>
     <span class='ocr_line' id='line_1_20' title="bbox 225 1871 1084 1957; baseline -0.001 -21"><span class='ocrx_word' id='word_1_124' title='bbox 225 1871 347 1936; x_wconf 87' lang='lat' dir='ltr'>offensa</span> <span class='ocrx_word' id='word_1_125' title='bbox 364 1883 425 1947; x_wconf 91' lang='lat' dir='ltr'>est,</span> <span class='ocrx_word' id='word_1_126' title='bbox 443 1892 546 1954; x_wconf 92' lang='lat' dir='ltr'>neque</span> <span class='ocrx_word' id='word_1_127' title='bbox 565 1872 668 1936; x_wconf 92' lang='lat' dir='ltr'>adhuc</span> <span class='ocrx_word' id='word_1_128' title='bbox 686 1883 787 1956; x_wconf 89' lang='lat' dir='ltr'>epota.</span> <span class='ocrx_word' id='word_1_129' title='bbox 796 1884 885 1957; x_wconf 86' lang='lat' dir='ltr'>parte</span> <span class='ocrx_word' id='word_1_130' title='bbox 902 1872 1084 1954; x_wconf 91' lang='lat' dir='ltr'>loquentem</span> 
     </span>
     <span class='ocr_line' id='line_1_21' title="bbox 225 1956 949 2042; baseline 0 -22"><span class='ocrx_word' id='word_1_131' title='bbox 225 1979 299 2021; x_wconf 91' lang='lat' dir='ltr'>cum</span> <span class='ocrx_word' id='word_1_132' title='bbox 314 1957 433 2040; x_wconf 91' lang='lat' dir='ltr'>liquido</span> <span class='ocrx_word' id='word_1_133' title='bbox 451 1958 549 2021; x_wconf 85' lang='lat' dir='ltr'>mixta</span> <span class='ocrx_word' id='word_1_134' title='bbox 566 1956 706 2042; x_wconf 87' lang='lat' dir='ltr'>perfudit</span> <span class='ocrx_word' id='word_1_135' title='bbox 723 1958 797 2021; x_wconf 83' lang='lat' dir='ltr'>diva</span> <span class='ocrx_word' id='word_1_136' title='bbox 813 1958 949 2042; x_wconf 91' lang='lat' dir='ltr'>polenta.</span> 
     </span>
    </p>

    <p class='ocr_par' dir='ltr' id='par_1_7' title="bbox 156 2041 1149 2468">
     <span class='ocr_line' id='line_1_22' title="bbox 156 2041 1149 2128; baseline -0.006 -16"><span class='ocrx_word' id='word_1_137' title='bbox 156 2062 207 2112; x_wconf 84' lang='lat'>455</span> <span class='ocrx_word' id='word_1_138' title='bbox 226 2042 376 2107; x_wconf 87' lang='lat' dir='ltr'>combibit</span> <span class='ocrx_word' id='word_1_139' title='bbox 392 2064 427 2106; x_wconf 97' lang='lat' dir='ltr'>os</span> <span class='ocrx_word' id='word_1_140' title='bbox 444 2044 599 2119; x_wconf 86' lang='lat' dir='ltr'>maculas,</span> <span class='ocrx_word' id='word_1_141' title='bbox 617 2052 649 2108; x_wconf 89' lang='lat' dir='ltr'>et</span> <span class='ocrx_word' id='word_1_142' title='bbox 666 2064 748 2125; x_wconf 90' lang='lat' dir='ltr'>quae</span> <span class='ocrx_word' id='word_1_143' title='bbox 766 2043 859 2106; x_wconf 92' lang='lat' dir='ltr'>modo</span> <span class='ocrx_word' id='word_1_144' title='bbox 877 2041 1022 2106; x_wconf 89' lang='lat' dir='ltr'>bracchia</span> <span class='ocrx_word' id='word_1_145' title='bbox 1040 2043 1149 2128; x_wconf 87' lang='lat' dir='ltr'>gessit,</span> 
     </span>
     <span class='ocr_line' id='line_1_23' title="bbox 227 2127 1066 2212; baseline -0.002 -20"><span class='ocrx_word' id='word_1_146' title='bbox 227 2150 319 2192; x_wconf 86' lang='lat' dir='ltr'>crura</span> <span class='ocrx_word' id='word_1_147' title='bbox 335 2127 416 2212; x_wconf 87' lang='lat' dir='ltr'>gerit</span> <span class='ocrx_word' id='word_1_148' title='bbox 421 2153 430 2205; x_wconf 92' lang='lat'>;</span> <span class='ocrx_word' id='word_1_149' title='bbox 449 2129 550 2192; x_wconf 90' lang='lat' dir='ltr'>cauda</span> <span class='ocrx_word' id='word_1_150' title='bbox 568 2138 615 2192; x_wconf 90' lang='lat' dir='ltr'>est</span> <span class='ocrx_word' id='word_1_151' title='bbox 632 2127 760 2192; x_wconf 88' lang='lat' dir='ltr'>mutatis</span> <span class='ocrx_word' id='word_1_152' title='bbox 779 2129 886 2192; x_wconf 86' lang='lat' dir='ltr'>addita</span> <span class='ocrx_word' id='word_1_153' title='bbox 903 2127 1066 2204; x_wconf 85' lang='lat' dir='ltr'>membris3</span> 
     </span>
     <span class='ocr_line' id='line_1_24' title="bbox 225 2213 1109 2298; baseline -0.001 -21"><span class='ocrx_word' id='word_1_154' title='bbox 225 2213 321 2296; x_wconf 92' lang='lat' dir='ltr'>inque</span> <span class='ocrx_word' id='word_1_155' title='bbox 338 2213 466 2278; x_wconf 91' lang='lat' dir='ltr'>brevem</span> <span class='ocrx_word' id='word_1_156' title='bbox 484 2214 632 2290; x_wconf 78' lang='lat' dir='ltr'>lbrmam,</span> <span class='ocrx_word' id='word_1_157' title='bbox 650 2236 691 2278; x_wconf 91' lang='lat' dir='ltr'>ne</span> <span class='ocrx_word' id='word_1_158' title='bbox 709 2213 749 2278; x_wconf 92' lang='lat' dir='ltr'>sit</span> <span class='ocrx_word' id='word_1_159' title='bbox 766 2213 814 2277; x_wconf 92' lang='lat' dir='ltr'>vis</span> <span class='ocrx_word' id='word_1_160' title='bbox 831 2236 948 2298; x_wconf 85' lang='lat' dir='ltr'>magna</span> <span class='ocrx_word' id='word_1_161' title='bbox 965 2213 1109 2290; x_wconf 88' lang='lat' dir='ltr'>nocendi,</span> 
     </span>
     <span class='ocr_line' id='line_1_25' title="bbox 226 2297 1098 2383; baseline 0 -22"><span class='ocrx_word' id='word_1_162' title='bbox 226 2297 428 2374; x_wconf 85' lang='lat' dir='ltr'>contrahitur,</span> <span class='ocrx_word' id='word_1_163' title='bbox 445 2320 606 2383; x_wconf 91' lang='lat' dir='ltr'>parvaque</span> <span class='ocrx_word' id='word_1_164' title='bbox 624 2299 726 2363; x_wconf 91' lang='lat' dir='ltr'>minor</span> <span class='ocrx_word' id='word_1_165' title='bbox 742 2321 891 2363; x_wconf 89' lang='lat' dir='ltr'>mensura</span> <span class='ocrx_word' id='word_1_166' title='bbox 907 2299 1024 2362; x_wconf 90' lang='lat' dir='ltr'>lacerta</span> <span class='ocrx_word' id='word_1_167' title='bbox 1041 2309 1098 2362; x_wconf 91' lang='lat' dir='ltr'>est.</span> 
     </span>
     <span class='ocr_line' id='line_1_26' title="bbox 225 2383 1131 2468; baseline 0.002 -21"><span class='ocrx_word' id='word_1_168' title='bbox 225 2383 391 2449; x_wconf 86' lang='lat' dir='ltr'>mirantem</span> <span class='ocrx_word' id='word_1_169' title='bbox 407 2385 597 2467; x_wconf 87' lang='lat' dir='ltr'>flentemque</span> <span class='ocrx_word' id='word_1_170' title='bbox 615 2394 646 2448; x_wconf 88' lang='lat' dir='ltr'>et</span> <span class='ocrx_word' id='word_1_171' title='bbox 663 2395 794 2468; x_wconf 84' lang='lat' dir='ltr'>tangere</span> <span class='ocrx_word' id='word_1_172' title='bbox 811 2394 951 2448; x_wconf 90' lang='lat' dir='ltr'>monstra</span> <span class='ocrx_word' id='word_1_173' title='bbox 967 2394 1131 2468; x_wconf 91' lang='lat' dir='ltr'>parantem</span> 
     </span>
    </p>

    <p class='ocr_par' dir='ltr' id='par_1_8' title="bbox 157 2468 1070 2639">
     <span class='ocr_line' id='line_1_27' title="bbox 157 2468 1070 2555; baseline -0.007 -18"><span class='ocrx_word' id='word_1_174' title='bbox 157 2488 207 2539; x_wconf 89' lang='grc'>460</span> <span class='ocrx_word' id='word_1_175' title='bbox 225 2468 308 2555; x_wconf 86' lang='lat' dir='ltr'>fugit</span> <span class='ocrx_word' id='word_1_176' title='bbox 326 2492 422 2534; x_wconf 92' lang='lat' dir='ltr'>anum</span> <span class='ocrx_word' id='word_1_177' title='bbox 439 2470 655 2553; x_wconf 87' lang='lat' dir='ltr'>latebramque</span> <span class='ocrx_word' id='word_1_178' title='bbox 672 2469 764 2555; x_wconf 83' lang='lat' dir='ltr'>petit3</span> <span class='ocrx_word' id='word_1_179' title='bbox 782 2480 955 2554; x_wconf 89' lang='lat' dir='ltr'>aptumque</span> <span class='ocrx_word' id='word_1_180' title='bbox 973 2469 1070 2532; x_wconf 89' lang='lat' dir='ltr'>colori</span> 
     </span>
     <span class='ocr_line' id='line_1_28' title="bbox 225 2554 1013 2639; baseline -0.003 -20"><span class='ocrx_word' id='word_1_181' title='bbox 225 2577 340 2619; x_wconf 91' lang='lat' dir='ltr'>nomen</span> <span class='ocrx_word' id='word_1_182' title='bbox 357 2555 467 2631; x_wconf 92' lang='lat' dir='ltr'>habet,</span> <span class='ocrx_word' id='word_1_183' title='bbox 485 2555 579 2618; x_wconf 92' lang='lat' dir='ltr'>variis</span> <span class='ocrx_word' id='word_1_184' title='bbox 597 2555 738 2619; x_wconf 89' lang='lat' dir='ltr'>stellatus</span> <span class='ocrx_word' id='word_1_185' title='bbox 756 2576 888 2639; x_wconf 88' lang='lat' dir='ltr'>corpora</span> <span class='ocrx_word' id='word_1_186' title='bbox 905 2554 1013 2639; x_wconf 82' lang='lat' dir='ltr'>guttis.</span> 
     </span>
    </p>

    <p class='ocr_par' dir='ltr' id='par_1_9' title="bbox 226 2638 1244 2894">
     <span class='ocr_line' id='line_1_29' title="bbox 269 2638 1216 2724; baseline -0.002 -21"><span class='ocrx_word' id='word_1_187' title='bbox 269 2639 359 2720; x_wconf 81' lang='lat' dir='ltr'>Quas</span> <span class='ocrx_word' id='word_1_188' title='bbox 373 2640 434 2705; x_wconf 90' lang='lat' dir='ltr'>dea</span> <span class='ocrx_word' id='word_1_189' title='bbox 450 2663 507 2724; x_wconf 92' lang='lat' dir='ltr'>per</span> <span class='ocrx_word' id='word_1_190' title='bbox 524 2651 622 2705; x_wconf 89' lang='lat' dir='ltr'>terras</span> <span class='ocrx_word' id='word_1_191' title='bbox 636 2651 668 2705; x_wconf 92' lang='lat' dir='ltr'>et</span> <span class='ocrx_word' id='word_1_192' title='bbox 684 2661 763 2722; x_wconf 90' lang='lat' dir='ltr'>quas</span> <span class='ocrx_word' id='word_1_193' title='bbox 777 2640 927 2704; x_wconf 88' lang='lat' dir='ltr'>erraverit</span> <span class='ocrx_word' id='word_1_194' title='bbox 941 2639 1053 2714; x_wconf 90' lang='lat' dir='ltr'>undas,</span> <span class='ocrx_word' id='word_1_195' title='bbox 1091 2638 1216 2718; x_wconf 63' lang='lat' dir='ltr'>(seraa</span> 
     </span>
     <span class='ocr_line' id='line_1_30' title="bbox 226 2706 1244 2811; baseline -0.002 -23"><span class='ocrx_word' id='word_1_196' title='bbox 226 2725 330 2790; x_wconf 89' lang='lat' dir='ltr'>dicere</span> <span class='ocrx_word' id='word_1_197' title='bbox 347 2726 443 2811; x_wconf 85' lang='lat' dir='ltr'>longa</span> <span class='ocrx_word' id='word_1_198' title='bbox 459 2747 548 2789; x_wconf 91' lang='lat' dir='ltr'>mora</span> <span class='ocrx_word' id='word_1_199' title='bbox 565 2735 622 2790; x_wconf 90' lang='lat' dir='ltr'>est.</span> <span class='ocrx_word' id='word_1_200' title='bbox 658 2724 821 2808; x_wconf 90' lang='lat' dir='ltr'>quaerenti</span> <span class='ocrx_word' id='word_1_201' title='bbox 840 2724 940 2789; x_wconf 89' lang='lat' dir='ltr'>defuit</span> <span class='ocrx_word' id='word_1_202' title='bbox 953 2723 1046 2788; x_wconf 88' lang='lat' dir='ltr'>orbis.</span> <span class='ocrx_word' id='word_1_203' title='bbox 1062 2706 1088 2757; x_wconf 78' lang='lat' dir='ltr'><em>P</em></span> <span class='ocrx_word' id='word_1_204' title='bbox 1088 2722 1159 2758; x_wconf 83' lang='lat' dir='ltr'>roser</span> <span class='ocrx_word' id='word_1_205' title='bbox 1158 2708 1244 2774; x_wconf 53' lang='grc' dir='ltr'>Μ’)</span> 
     </span>
     <span class='ocr_line' id='line_1_31' title="bbox 227 2808 1093 2894; baseline -0.006 -18"><span class='ocrx_word' id='word_1_206' title='bbox 227 2809 385 2877; x_wconf 89' lang='lat' dir='ltr'>Sicaniam</span> <span class='ocrx_word' id='word_1_207' title='bbox 402 2833 435 2875; x_wconf 91' lang='lat' dir='ltr'>re</span> <span class='ocrx_word' id='word_1_208' title='bbox 459 2809 527 2884; x_wconf 88' lang='lat' dir='ltr'>etit,</span> <span class='ocrx_word' id='word_1_209' title='bbox 555 2810 694 2894; x_wconf 91' lang='lat' dir='ltr'>dumque</span> <span class='ocrx_word' id='word_1_210' title='bbox 725 2810 831 2874; x_wconf 89' lang='lat' dir='ltr'>omnia</span> <span class='ocrx_word' id='word_1_211' title='bbox 848 2812 961 2874; x_wconf 88' lang='lat' dir='ltr'>lustrat</span> <span class='ocrx_word' id='word_1_212' title='bbox 978 2808 1093 2886; x_wconf 89' lang='lat' dir='ltr'>eundo,</span> 
     </span>
    </p>

    <p class='ocr_par' dir='ltr' id='par_1_10' title="bbox 158 2833 1092 3322">
     <span class='ocr_line' id='line_1_32' title="bbox 158 2833 986 2980; baseline -0.005 -18"><span class='ocrx_word' id='word_1_213' title='bbox 158 2915 207 2964; x_wconf 85' lang='grc'>405</span> <span class='ocrx_word' id='word_1_214' title='bbox 226 2897 312 2961; x_wconf 89' lang='lat' dir='ltr'>venit</span> <span class='ocrx_word' id='word_1_215' title='bbox 329 2907 359 2961; x_wconf 90' lang='lat' dir='ltr'>et</span> <span class='ocrx_word' id='word_1_216' title='bbox 377 2896 418 2960; x_wconf 90' lang='lat' dir='ltr'>ad</span> <span class='ocrx_word' id='word_1_217' title='bbox 436 2833 579 2980; x_wconf 71' lang='lat' dir='ltr'>ilyanen.</span> <span class='ocrx_word' id='word_1_218' title='bbox 623 2919 660 2960; x_wconf 93' lang='lat' dir='ltr'>ea</span> <span class='ocrx_word' id='word_1_219' title='bbox 677 2895 710 2958; x_wconf 93' lang='lat' dir='ltr'>ni</span> <span class='ocrx_word' id='word_1_220' title='bbox 727 2907 848 2959; x_wconf 89' lang='lat' dir='ltr'>mutata</span> <span class='ocrx_word' id='word_1_221' title='bbox 865 2895 986 2971; x_wconf 88' lang='lat' dir='ltr'>fuisset,</span> 
     </span>
     <span class='ocr_line' id='line_1_33' title="bbox 226 2979 1025 3065; baseline -0.001 -21"><span class='ocrx_word' id='word_1_222' title='bbox 226 2981 332 3045; x_wconf 91' lang='lat' dir='ltr'>omnia</span> <span class='ocrx_word' id='word_1_223' title='bbox 347 2992 514 3045; x_wconf 84' lang='lat' dir='ltr'>narrasset.</span> <span class='ocrx_word' id='word_1_224' title='bbox 558 2981 614 3046; x_wconf 86' lang='lat' dir='ltr'>sed</span> <span class='ocrx_word' id='word_1_225' title='bbox 632 2991 663 3045; x_wconf 93' lang='lat' dir='ltr'>et</span> <span class='ocrx_word' id='word_1_226' title='bbox 680 3003 715 3045; x_wconf 92' lang='lat' dir='ltr'>os</span> <span class='ocrx_word' id='word_1_227' title='bbox 734 2993 765 3045; x_wconf 92' lang='lat' dir='ltr'>et</span> <span class='ocrx_word' id='word_1_228' title='bbox 781 2981 891 3065; x_wconf 87' lang='lat' dir='ltr'>lingua</span> <span class='ocrx_word' id='word_1_229' title='bbox 908 2979 1025 3044; x_wconf 89' lang='lat' dir='ltr'>volenti</span> 
     </span>
     <span class='ocr_line' id='line_1_34' title="bbox 227 3065 1092 3149; baseline 0 -19"><span class='ocrx_word' id='word_1_230' title='bbox 227 3067 330 3132; x_wconf 90' lang='lat' dir='ltr'>dicere</span> <span class='ocrx_word' id='word_1_231' title='bbox 347 3088 411 3131; x_wconf 90' lang='lat' dir='ltr'>non</span> <span class='ocrx_word' id='word_1_232' title='bbox 429 3066 574 3142; x_wconf 89' lang='lat' dir='ltr'>aderant,</span> <span class='ocrx_word' id='word_1_233' title='bbox 591 3088 650 3130; x_wconf 92' lang='lat' dir='ltr'>nec</span> <span class='ocrx_word' id='word_1_234' title='bbox 668 3087 730 3148; x_wconf 92' lang='lat' dir='ltr'>quo</span> <span class='ocrx_word' id='word_1_235' title='bbox 748 3067 928 3149; x_wconf 90' lang='lat' dir='ltr'>loqueretur</span> <span class='ocrx_word' id='word_1_236' title='bbox 945 3065 1092 3130; x_wconf 90' lang='lat' dir='ltr'>habebat.</span> 
     </span>
     <span class='ocr_line' id='line_1_35' title="bbox 226 3149 1069 3237; baseline -0.001 -22"><span class='ocrx_word' id='word_1_237' title='bbox 226 3152 317 3237; x_wconf 85' lang='lat' dir='ltr'>signa</span> <span class='ocrx_word' id='word_1_238' title='bbox 334 3162 439 3216; x_wconf 91' lang='lat' dir='ltr'>tamen</span> <span class='ocrx_word' id='word_1_239' title='bbox 456 3151 623 3216; x_wconf 89' lang='lat' dir='ltr'>manifesta</span> <span class='ocrx_word' id='word_1_240' title='bbox 640 3151 740 3228; x_wconf 90' lang='lat' dir='ltr'>dedit,</span> <span class='ocrx_word' id='word_1_241' title='bbox 758 3163 928 3234; x_wconf 86' lang='lat' dir='ltr'>notamque</span> <span class='ocrx_word' id='word_1_242' title='bbox 945 3149 1069 3236; x_wconf 88' lang='lat' dir='ltr'>parenti</span> 
     </span>
     <span class='ocr_line' id='line_1_36' title="bbox 226 3236 941 3322; baseline -0.001 -21"><span class='ocrx_word' id='word_1_243' title='bbox 226 3238 279 3301; x_wconf 92' lang='lat' dir='ltr'>illo</span> <span class='ocrx_word' id='word_1_244' title='bbox 296 3236 376 3302; x_wconf 89' lang='lat' dir='ltr'>forte</span> <span class='ocrx_word' id='word_1_245' title='bbox 393 3238 463 3301; x_wconf 94' lang='lat' dir='ltr'>loco</span> <span class='ocrx_word' id='word_1_246' title='bbox 480 3237 641 3321; x_wconf 87' lang='lat' dir='ltr'>delapsam</span> <span class='ocrx_word' id='word_1_247' title='bbox 658 3237 691 3300; x_wconf 89' lang='lat' dir='ltr'>in</span> <span class='ocrx_word' id='word_1_248' title='bbox 708 3237 834 3322; x_wconf 81' lang='lat' dir='ltr'>gurgite</span> <span class='ocrx_word' id='word_1_249' title='bbox 852 3258 941 3300; x_wconf 88' lang='lat' dir='ltr'>sacro</span> 
     </span>
    </p>

    <p class='ocr_par' dir='ltr' id='par_1_11' title="bbox 158 3321 1160 3763">
     <span class='ocr_line' id='line_1_37' title="bbox 158 3321 1048 3408; baseline -0.007 -18"><span class='ocrx_word' id='word_1_250' title='bbox 158 3341 209 3390; x_wconf 83' lang='grc'>410</span> <span class='ocrx_word' id='word_1_251' title='bbox 226 3322 445 3408; x_wconf 88' lang='lat' dir='ltr'>Persephones</span> <span class='ocrx_word' id='word_1_252' title='bbox 463 3344 577 3385; x_wconf 88' lang='lat' dir='ltr'>zonam</span> <span class='ocrx_word' id='word_1_253' title='bbox 594 3322 725 3387; x_wconf 90' lang='lat' dir='ltr'>summis</span> <span class='ocrx_word' id='word_1_254' title='bbox 743 3323 878 3387; x_wconf 88' lang='lat' dir='ltr'>ostendit</span> <span class='ocrx_word' id='word_1_255' title='bbox 895 3321 927 3385; x_wconf 90' lang='lat' dir='ltr'>in</span> <span class='ocrx_word' id='word_1_256' title='bbox 946 3321 1048 3386; x_wconf 90' lang='lat' dir='ltr'>undis.</span> 
     </span>
     <span class='ocr_line' id='line_1_38' title="bbox 227 3407 1160 3493; baseline 0 -21"><span class='ocrx_word' id='word_1_257' title='bbox 227 3430 323 3491; x_wconf 91' lang='lat' dir='ltr'>quam</span> <span class='ocrx_word' id='word_1_258' title='bbox 341 3408 433 3472; x_wconf 90' lang='lat' dir='ltr'>simul</span> <span class='ocrx_word' id='word_1_259' title='bbox 452 3407 595 3492; x_wconf 87' lang='lat' dir='ltr'>agnovit,</span> <span class='ocrx_word' id='word_1_260' title='bbox 612 3419 773 3491; x_wconf 89' lang='lat' dir='ltr'>tamquam</span> <span class='ocrx_word' id='word_1_261' title='bbox 791 3418 866 3472; x_wconf 90' lang='lat' dir='ltr'>tunc</span> <span class='ocrx_word' id='word_1_262' title='bbox 884 3407 1019 3491; x_wconf 90' lang='lat' dir='ltr'>denique</span> <span class='ocrx_word' id='word_1_263' title='bbox 1036 3417 1160 3493; x_wconf 88' lang='lat' dir='ltr'>raptam</span> 
     </span>
     <span class='ocr_line' id='line_1_39' title="bbox 227 3492 924 3578; baseline 0 -21"><span class='ocrx_word' id='word_1_264' title='bbox 227 3493 350 3571; x_wconf 89' lang='lat' dir='ltr'>scisset,</span> <span class='ocrx_word' id='word_1_265' title='bbox 368 3493 528 3558; x_wconf 91' lang='lat' dir='ltr'>inornatos</span> <span class='ocrx_word' id='word_1_266' title='bbox 545 3492 675 3558; x_wconf 88' lang='lat' dir='ltr'>laniavit</span> <span class='ocrx_word' id='word_1_267' title='bbox 693 3493 767 3556; x_wconf 90' lang='lat' dir='ltr'>diva</span> <span class='ocrx_word' id='word_1_268' title='bbox 784 3493 924 3578; x_wconf 88' lang='lat' dir='ltr'>capillos,</span> 
     </span>
     <span class='ocr_line' id='line_1_40' title="bbox 226 3577 945 3665; baseline -0.001 -22"><span class='ocrx_word' id='word_1_269' title='bbox 226 3591 257 3643; x_wconf 92' lang='lat' dir='ltr'>et</span> <span class='ocrx_word' id='word_1_270' title='bbox 274 3579 408 3665; x_wconf 89' lang='lat' dir='ltr'>repetita</span> <span class='ocrx_word' id='word_1_271' title='bbox 425 3579 488 3642; x_wconf 91' lang='lat' dir='ltr'>suis</span> <span class='ocrx_word' id='word_1_272' title='bbox 507 3578 661 3662; x_wconf 89' lang='lat' dir='ltr'>percussit</span> <span class='ocrx_word' id='word_1_273' title='bbox 678 3589 806 3663; x_wconf 89' lang='lat' dir='ltr'>pectora</span> <span class='ocrx_word' id='word_1_274' title='bbox 822 3577 945 3663; x_wconf 91' lang='lat' dir='ltr'>palmis.</span> 
     </span>
     <span class='ocr_line' id='line_1_41' title="bbox 225 3663 1129 3763; baseline 0 -35"><span class='ocrx_word' id='word_1_275' title='bbox 225 3664 326 3729; x_wconf 89' lang='lat' dir='ltr'>nescit</span> <span class='ocrx_word' id='word_1_276' title='bbox 344 3663 460 3740; x_wconf 90' lang='lat' dir='ltr'>adhuc,</span> <span class='ocrx_word' id='word_1_277' title='bbox 478 3663 533 3727; x_wconf 93' lang='lat' dir='ltr'>ubi</span> <span class='ocrx_word' id='word_1_278' title='bbox 551 3663 605 3728; x_wconf 89' lang='lat' dir='ltr'>sit:</span> <span class='ocrx_word' id='word_1_279' title='bbox 624 3675 722 3727; x_wconf 87' lang='lat' dir='ltr'>terras</span> <span class='ocrx_word' id='word_1_280' title='bbox 739 3674 845 3728; x_wconf 87' lang='lat' dir='ltr'>tamen</span> <span class='ocrx_word' id='word_1_281' title='bbox 862 3663 1003 3763; x_wconf 89' lang='lat' dir='ltr'>increpat</span> <span class='ocrx_word' id='word_1_282' title='bbox 1020 3685 1129 3729; x_wconf 91' lang='lat' dir='ltr'>omnes</span> 
     </span>
    </p>

    <p class='ocr_par' dir='ltr' id='par_1_12' title="bbox 160 3748 1050 4004">
     <span class='ocr_line' id='line_1_42' title="bbox 160 3748 1050 3834; baseline -0.008 -15"><span class='ocrx_word' id='word_1_283' title='bbox 160 3770 208 3818; x_wconf 80' lang='grc'><strong>475</strong></span> <span class='ocrx_word' id='word_1_284' title='bbox 226 3750 428 3834; x_wconf 83' lang='lat' dir='ltr'>ingratasque</span> <span class='ocrx_word' id='word_1_285' title='bbox 446 3760 538 3812; x_wconf 92' lang='lat' dir='ltr'>vocat</span> <span class='ocrx_word' id='word_1_286' title='bbox 555 3771 614 3813; x_wconf 91' lang='lat' dir='ltr'>nec</span> <span class='ocrx_word' id='word_1_287' title='bbox 631 3748 760 3833; x_wconf 84' lang='lat' dir='ltr'>frugum</span> <span class='ocrx_word' id='word_1_288' title='bbox 777 3771 906 3814; x_wconf 91' lang='lat' dir='ltr'>munere</span> <span class='ocrx_word' id='word_1_289' title='bbox 925 3749 1050 3833; x_wconf 80' lang='lat' dir='ltr'>dignas:</span> 
     </span>
     <span class='ocr_line' id='line_1_43' title="bbox 227 3833 1027 3919; baseline 0 -21"><span class='ocrx_word' id='word_1_290' title='bbox 227 3835 422 3898; x_wconf 86' lang='lat' dir='ltr'>Trinacriam</span> <span class='ocrx_word' id='word_1_291' title='bbox 440 3845 512 3899; x_wconf 91' lang='lat' dir='ltr'>ante</span> <span class='ocrx_word' id='word_1_292' title='bbox 530 3834 621 3910; x_wconf 89' lang='lat' dir='ltr'>alias,</span> <span class='ocrx_word' id='word_1_293' title='bbox 638 3833 671 3897; x_wconf 91' lang='lat' dir='ltr'>in</span> <span class='ocrx_word' id='word_1_294' title='bbox 689 3855 752 3916; x_wconf 87' lang='lat' dir='ltr'>qua</span> <span class='ocrx_word' id='word_1_295' title='bbox 769 3833 902 3919; x_wconf 82' lang='lat' dir='ltr'>vestigia</span> <span class='ocrx_word' id='word_1_296' title='bbox 920 3834 1027 3898; x_wconf 89' lang='lat' dir='ltr'>damni</span> 
     </span>
     <span class='ocr_line' id='line_1_44' title="bbox 228 3918 1005 4004; baseline -0.001 -20"><span class='ocrx_word' id='word_1_297' title='bbox 228 3920 374 4004; x_wconf 88' lang='lat' dir='ltr'>repperit.</span> <span class='ocrx_word' id='word_1_298' title='bbox 418 3941 493 4004; x_wconf 85' lang='lat' dir='ltr'>ergo</span> <span class='ocrx_word' id='word_1_299' title='bbox 510 3919 574 3984; x_wconf 91' lang='lat' dir='ltr'>illic</span> <span class='ocrx_word' id='word_1_300' title='bbox 591 3941 686 3983; x_wconf 90' lang='lat' dir='ltr'>saeva</span> <span class='ocrx_word' id='word_1_301' title='bbox 703 3919 857 3984; x_wconf 89' lang='lat' dir='ltr'>vertentia</span> <span class='ocrx_word' id='word_1_302' title='bbox 874 3918 1005 4002; x_wconf 88' lang='lat' dir='ltr'>glaebas</span> 
     </span>
    </p>
   </div>
   <div class='ocr_carea' id='block_1_3' title="bbox 228 4003 984 4093">
    <p class='ocr_par' dir='ltr' id='par_1_13' title="bbox 228 4003 984 4093">
     <span class='ocr_line' id='line_1_45' title="bbox 228 4003 984 4093; baseline -0.005 -21"><span class='ocrx_word' id='word_1_303' title='bbox 228 4004 322 4091; x_wconf 84' lang='lat' dir='ltr'>fregit</span> <span class='ocrx_word' id='word_1_304' title='bbox 340 4014 444 4070; x_wconf 87' lang='lat' dir='ltr'>aratra</span> <span class='ocrx_word' id='word_1_305' title='bbox 460 4028 571 4084; x_wconf 86' lang='lat' dir='ltr'>manu,</span> <span class='ocrx_word' id='word_1_306' title='bbox 589 4003 742 4093; x_wconf 88' lang='lat' dir='ltr'>parilique</span> <span class='ocrx_word' id='word_1_307' title='bbox 760 4004 840 4073; x_wconf 83' lang='lat' dir='ltr'>irata</span> <span class='ocrx_word' id='word_1_308' title='bbox 857 4004 984 4072; x_wconf 86' lang='lat' dir='ltr'>colonos</span> 
     </span>
    </p>
   </div>
   <div class='ocr_carea' id='block_1_4' title="bbox 0 0 1292 4478">
    <p class='ocr_par' dir='ltr' id='par_1_14' title="bbox 0 0 1292 4478">
     <span class='ocr_line' id='line_1_46' title="bbox 0 0 1292 4478; baseline 0 0"><span class='ocrx_word' id='word_1_309' title='bbox 0 0 1292 4478; x_wconf 95' lang='lat' dir='ltr'> </span> 
     </span>
    </p>
   </div>
  </div>
 </body>
</html>
