2574 4478
271 242 636 303 meruomnosuou
651 242 725 299 um.
744 243 822 302 vm.
841 238 984 300 sar-714.
1059 222 1118 294 141

101 369 225 436 attoniti
242 364 381 433 nobitate
399 378 515 454 pavent
532 369 742 451 manibusque
760 368 880 454 supinis

102 454 283 540 concipiunt
300 454 481 537 Baucisque
499 476 608 538 preces
626 453 819 536 timidusque
837 452 1005 519 Philemon

103 553 132 606 et
149 540 276 605 veniam
295 539 429 624 dapibus
447 540 604 621 nullisque
621 539 784 624 paratibus
803 549 902 602 orant.

102 626 214 690 unicus
232 647 325 689 anser
342 635 422 701 erat,
441 625 589 688 minimae
607 624 751 688 custodia
767 623 871 700 villae,

102 733 197 794 quem
215 711 263 774 dis
281 709 457 794 hospitibus
475 710 593 773 domini
610 720 748 774 mactare
766 711 930 793 parabant.

102 798 153 861 ille
171 797 255 861 celer
272 817 377 879 penna
393 794 500 860 tardos
518 805 620 860 aetate
637 795 752 880 fatigat

103 882 263 963 eluditque
281 881 336 944 diu
353 880 544 964 tandemque
562 891 610 946 est
628 881 715 945 visus
733 880 774 944 ad
790 881 876 964 ipsos

103 967 283 1051 confugisse
302 967 387 1030 deos.
432 966 537 1051 superi
555 976 682 1030 vetuere
699 966 818 1030 necari:

101 1052 249 1134 “di'’que
267 1057 401 1115 “sumus
407 1098 416 1128 ,
434 1050 625 1134 meritasque
640 1052 707 1116 luet
724 1050 838 1115 vicinia
855 1071 973 1135 poenas

100 1137 222 1221 impia'’
242 1136 397 1200 dixerunt.
444 1136 558 1200 “vobis
575 1136 769 1200 immunibus
787 1135 879 1199 huius

100 1245 170 1286 esse
189 1222 263 1286 mali
282 1221 416 1285 dabitur.
459 1221 554 1285 modo
573 1232 677 1286 vestra
693 1221 859 1304 relinquite
876 1231 960 1285 tecta

99 1329 137 1371 ac
156 1318 279 1370 nostros
298 1307 444 1371 comitate
460 1307 592 1389 gradus,
611 1317 643 1371 et
659 1307 693 1370 in
711 1307 810 1371 ardua
827 1305 942 1370 montis

98 1394 142 1457 ite
162 1391 286 1456 simul.”
330 1403 440 1476 parent
460 1403 523 1458 tet
540 1392 588 1456 dis
606 1390 831 1491 praeeuntibus
850 1390 943 1456 ambo

99 1477 243 1541 membra
258 1478 366 1542 levant
382 1476 517 1552 baculis,
536 1478 679 1560 tardrque
698 1477 847 1542 senilibus
866 1476 976 1540 annist

98 1564 244 1627 nituntur
259 1563 355 1646 longo
374 1562 508 1647 vestigia
523 1584 641 1647 ponere
659 1561 750 1626 clivo.

100 1659 224 1712 tantum
242 1647 372 1712 aberant
390 1668 523 1722 summo,
540 1657 695 1730 quantum
713 1646 810 1712 semel
827 1647 872 1711 ire
891 1647 1006 1733 sagitta

99 1733 198 1797 missa
214 1742 333 1817 potest:
350 1733 465 1797 flexere
484 1732 606 1808 oculos,
623 1743 656 1797 et
673 1754 775 1797 mersa
792 1733 908 1817 palude

101 1830 206 1882 cetera
222 1817 431 1902 prospiciunt,
449 1829 573 1882 tantum
590 1840 649 1881 sua
666 1828 749 1882 tecta
765 1840 902 1883 manere.

100 1905 240 1985 dumque
259 1926 297 1967 ea
314 1903 476 1979 mirantur,
494 1903 571 1968 dum
588 1904 704 1968 deflent
720 1903 787 1968 fata
804 1925 944 1982 suorum,

99 1989 153 2052 illa
171 2002 277 2064 vetus,
296 1988 429 2052 dominis
448 1987 541 2053 etiam
559 2010 632 2054 oasa
672 2011 748 2053 arva
766 1989 890 2061 duobus

101 2073 234 2139 vertitur
250 2073 283 2137 in
301 2074 468 2158 templum3
486 2073 592 2139 furcas
610 2012 734 2139 subiere
752 2075 932 2138 columnaez

101 2159 252 2223 stramina
266 2158 453 2233 flavescunt,
472 2171 643 2242 aurataque
661 2170 744 2224 tecta
760 2159 916 2235 videntur,

101 2245 302 2326 caelataeque
320 2243 420 2321 fores,
438 2244 651 2328 adopertaque
669 2265 824 2310 marmore
842 2246 945 2310 tellus.

101 2330 176 2393 talia
194 2342 262 2392 tum
279 2328 403 2413 placido
422 2327 589 2394 Saturnius
608 2329 705 2394 edidit
723 2351 790 2394 ore:

102 2414 234 2488 “dieite,
252 2414 333 2478 iuste
352 2437 462 2490 senex,
481 2425 512 2479 et
529 2414 647 2479 femina
665 2416 799 2499 coniuge
816 2416 899 2479 iusto

101 2500 211 2583 digna,
230 2498 306 2582 quid
324 2499 469 2583 optetis.'’
514 2521 586 2564 cum
603 2500 745 2565 Baucide
763 2522 867 2584 pauca
883 2501 1008 2566 locutus

100 2584 251 2648 iudicium
270 2584 391 2668 superis
410 2585 510 2669 aperit
527 2607 693 2651 commune
710 2584 893 2651 Philemona

101 2676 195 2734 “esse
213 2669 390 2734 sacerdotes
409 2670 602 2754 delubraque
620 2681 723 2735 vestra
741 2671 821 2736 tueri

100 2755 268 2840 poscimus.
313 2766 344 2820 et
362 2754 512 2838 quoniam
530 2756 700 2821 concordes
718 2757 841 2842 egimus
859 2779 968 2834 annos,

101 2840 224 2904 auferat
242 2839 319 2904 hora
337 2840 416 2905 duos
435 2842 556 2906 eadem.
599 2863 659 2908 nec
676 2842 819 2928 coniugis
837 2864 977 2926 unquam

101 2925 195 2990 busta
212 2947 302 2990 meae
320 2926 459 3003 videam,
477 2949 539 2991 neu
558 2926 617 2992 sim
634 2929 838 2993 tumulandus
856 2929 897 2992 ab
914 2927 1000 2992 illa.”

100 3023 174 3075 vota
191 3010 270 3074 fides
288 3011 439 3094 sequitur.
483 3012 592 3096 templi
610 3013 709 3077 tutela
725 3013 825 3090 fuere,

101 3097 201 3160 donec
218 3096 284 3159 vita
302 3097 375 3160 data
393 3107 449 3160 est.
493 3098 583 3161 annis
602 3119 743 3180 aevoque
760 3099 855 3164 soluti

100 3192 172 3245 ante
189 3180 307 3266 gradus
325 3204 429 3245 sacros
447 3204 521 3246 oum
537 3193 656 3248 starent
672 3182 752 3248 forte
769 3184 893 3267 locique

99 3277 263 3330 narrarent
280 3289 387 3343 casus,
404 3267 550 3333 frondere
567 3266 756 3333 Philemona
772 3270 900 3346 Baucis,

100 3352 243 3415 Baucida
260 3353 423 3437 conspexit
441 3353 544 3417 senior
559 3352 706 3418 frondere
723 3354 900 3419 Philemon.

99 3436 225 3518 iamque
243 3459 338 3521 super
355 3437 499 3522 geminos
517 3450 675 3504 crescente
693 3440 856 3504 cacumine
873 3440 980 3506 vultus

99 3533 223 3598 mutua,
242 3521 317 3585 dum
335 3523 437 3597 licuit,
455 3524 630 3589 reddebant
646 3524 730 3589 diota
748 3525 941 3608 “vale”,que

100 3613 143 3671 “o
162 3607 323 3670 coniunx”
343 3608 449 3673 dixere
467 3609 574 3683 simul,
592 3609 687 3674 simul
703 3610 811 3674 abdita
827 3611 905 3676 texit

99 3713 153 3755 ora
171 3693 286 3756 frutex.
330 3693 467 3758 ostendit
485 3693 588 3758 adhuc
605 3694 790 3760 Thimnelus
807 3689 871 3760 illic

97 3778 200 3841 incola
218 3777 258 3841 de
275 3779 402 3862 gemino
420 3779 538 3844 vicinos
557 3801 686 3865 corpore
703 3791 840 3845 truncos.

97 3862 176 3926 haec
193 3861 271 3926 mihi
288 3884 351 3926 non
369 3864 443 3928 vani
460 3863 577 3948 (neque
596 3876 672 3942 erat,
690 3888 746 3929 our
763 3866 870 3932 fallere
889 3868 1020 3956 vellent)

96 3970 263 4013 narravere
282 3971 382 4014 senes.
426 3950 572 4032 equidem
589 3951 758 4035 pendentia
776 3952 840 4017 vidi

95 4045 179 4106 serta
198 4056 292 4126 super
308 4057 427 4113 ramos,
445 4057 629 4128 ponensque
647 4036 785 4107 recentia
802 4037 868 4109 dixi
