2574 4478
175 205 237 274 166
509 221 542 276 Ρ.
561 178 865 278 ovrnnuasours

174 355 206 410 et
223 344 347 430 scripsi,
366 355 398 409 et
415 344 505 430 petii:
523 354 675 409 temerata
693 355 741 409 est
758 355 864 408 nostra
881 344 1038 410 voluntas.

173 441 209 494 ut
226 430 303 494 nihil
321 430 469 505 adiciam,
487 452 550 493 non
568 452 698 515 possum
716 430 845 494 innoxia
863 431 935 495 dici.

174 516 259 597 quod
277 527 433 601 superest,
450 516 585 579 multum
603 516 700 580 estin
718 527 802 592 vota,
820 516 853 579 in
871 515 1003 580 crimina
1019 513 1170 600 parvum?

105 620 155 670 636
173 601 252 665 dixit
270 612 301 665 et
318 601 514 665 -incertae
532 611 620 664 tanta
637 612 685 665 est
704 600 859 666 discordia
875 601 991 665 mentis
1008 637 1052 648 -

172 709 245 752 cum
262 687 370 771 pigeat
386 697 570 770 temptasse,
589 687 666 750 libet
684 697 851 770 temptare:
869 687 1063 768 modumque

172 772 237 837 exit
256 784 287 837 et
304 771 415 837 infelix
433 772 599 835 committit
617 794 711 856 saepe
728 772 847 856 repelli.

171 879 247 922 mox
264 857 320 921 ubi
336 857 408 920 finis
426 858 529 933 abest,
547 857 683 942 patriam
701 857 784 941 fugit
800 857 853 921 ille
869 856 1024 941 nefasque

170 943 266 1026 inque
284 943 451 1027 peregrina
468 942 557 1027 ponit
573 965 657 1006 nova
674 942 799 1006 moenia
817 954 909 1007 terra.

103 1047 153 1095 636
171 1040 238 1093 tum
256 1050 333 1092 vero
350 1039 505 1093 maestam
523 1039 589 1092 tota
606 1028 754 1092 Miletida
770 1039 875 1093 mente

171 1114 324 1178 defecisse
342 1112 469 1190 ferunt,
504 1124 573 1176 tum
590 1136 666 1179 vero
685 1138 704 1177 a
721 1125 847 1199 pectore
865 1123 986 1178 vestem

171 1198 301 1283 diripuit
317 1198 503 1283 planxitque
522 1220 595 1263 suos
614 1199 786 1263 furibunda
803 1199 946 1263 lacertos.

170 1285 297 1368 iamque
314 1285 421 1369 palam
441 1296 487 1348 est
505 1285 634 1349 demens
651 1285 930 1366 inconcessamque
950 1284 1068 1350 fatetur

171 1393 260 1454 spem
278 1370 428 1444 Veneris,
447 1369 513 1434 sine
531 1390 595 1451 qua
611 1371 746 1455 patriam
763 1370 944 1452 invisosque
962 1370 1103 1436 Penates

104 1475 153 1523 640
172 1455 286 1520 deserit
304 1467 336 1520 et
353 1455 481 1540 profugi
499 1455 641 1537 sequitur
658 1456 792 1540 vestigia
809 1455 924 1519 fratris.

73 1610 74 1614 ,
171 1553 270 1623 utque
287 1551 342 1604 tuo
360 1551 479 1616 motae,
496 1541 601 1626 proles
620 1539 789 1617 Semeleia,
807 1541 916 1624 thyrso

171 1627 323 1690 Ismariae
342 1627 502 1691 celebrant
519 1625 652 1710 repetita
670 1626 803 1691 triennia
820 1626 975 1691 bacchae:

171 1711 310 1795 Byblida
326 1734 391 1775 non
408 1712 499 1776 aliter
515 1712 596 1774 latos
614 1712 752 1775 ululasse
769 1735 826 1797 per
844 1734 937 1796 agros

171 1796 349 1862 Bubasides
367 1797 474 1862 videre
492 1819 600 1860 nurus.
644 1797 760 1880 quibus
777 1798 831 1861 illa
848 1797 964 1862 relictis

104 1902 153 1952 645
172 1881 272 1946 Caras
290 1894 322 1947 et
339 1882 502 1948 armiferos
520 1881 659 1968 Lelegas
677 1883 875 1966 Lyciamque
892 1893 1045 1967 pererrat.

170 1968 234 2032 iam
252 1967 317 2032 Ora
341 1990 381 2031 ou
399 1979 431 2033 et
448 1968 602 2051 Limyren
619 1967 808 2051 Xanthique
826 1968 995 2051 reliquerat
1012 1969 1127 2046 undas,

171 2074 297 2136 quoque
316 1991 486 2118 {himaera
502 2054 578 2138 iugo
595 2053 707 2118 mediis
724 2054 916 2138 inpartibus
933 2053 1052 2138 ignem,

170 2150 280 2223 pectus
299 2150 331 2204 et
348 2161 403 2203 ora
420 2140 502 2216 leae,
521 2138 656 2203 caudam
673 2141 827 2225 serpentis
845 2138 992 2203 habebat.

172 2224 321 2288 deficiunt
338 2225 449 2289 silvae:
469 2247 542 2289 cum
559 2236 594 2289 tu
612 2225 729 2290 lassata
746 2224 907 2307 sequendo

104 2330 153 2379 666
171 2310 309 2375 concidis
327 2321 359 2373 et
376 2310 455 2374 dura
472 2309 581 2395 positis
599 2311 709 2375 tellure
728 2311 859 2394 capillis,

170 2396 280 2479 Bybli,
298 2396 382 2461 iaces
399 2395 591 2479 frondesque
608 2407 663 2461 tuo
681 2396 797 2480 premis
815 2418 869 2460 ore
888 2395 1035 2461 caducas.

171 2504 265 2566 saepe
283 2480 379 2546 etiam
396 2480 555 2566 nymphae
573 2482 688 2546 teneris
705 2482 896 2566 Lelegeides
913 2481 997 2546 ulnis

170 2567 278 2632 tollere
297 2577 464 2643 conantur3
483 2589 592 2652 saepe,
610 2578 646 2631 ut
663 2566 826 2631 medeatur
844 2568 953 2644 amori,

169 2653 366 2737 praecipiunt
384 2653 560 2735 surdaeque
578 2653 729 2716 adhibent
745 2652 861 2718 solacia
878 2652 987 2718 menti.

103 2757 151 2805 665
170 2749 258 2802 muta
276 2739 357 2802 iacet
374 2738 553 2820 viridesque
572 2738 636 2801 suis
654 2748 740 2803 tenet
757 2738 918 2824 unguibus
936 2738 1052 2803 herbas

170 2824 295 2907 Byblis,
314 2836 345 2888 et
362 2834 501 2888 umectat
518 2822 719 2887 lacrimarum
736 2824 880 2908 gramina
897 2823 974 2888 rivo.

169 2908 290 2974 Naidas
307 2909 356 2973 his
374 2931 503 2985 venam,
521 2930 603 2991 quae
620 2931 795 2993 numquam
813 2931 954 2975 arescere
971 2919 1089 2994 posset,

170 2995 374 3079 supposuisse
392 2994 507 3059 ferunt.
551 2994 629 3078 quid
646 2995 731 3059 enim
748 2995 824 3060 dare
841 2995 944 3059 maius
962 2993 1136 3060 habebant?

169 3080 325 3165 protinus,
343 3091 380 3144 ut
397 3091 482 3145 secto
500 3080 609 3166 piceae
627 3080 666 3145 de
685 3081 799 3145 cortice
816 3090 937 3166 guttae,

102 3182 152 3231 660
169 3177 244 3231 utve
262 3176 357 3231 tenax
374 3166 507 3251 gravida
524 3178 632 3230 manat
649 3166 761 3231 tellure
779 3165 931 3244 bitumen,

168 3263 243 3316 utve
261 3252 321 3316 sub
340 3253 477 3316 adventu
496 3251 642 3336 spirantis
659 3252 730 3316 lene
747 3251 855 3315 favoni

170 3337 235 3402 sole
253 3336 456 3413 remollescit,
476 3357 557 3419 quae
576 3338 693 3422 frigore
712 3338 864 3412 constitit,
881 3337 982 3402 unda:

170 3423 215 3487 sic
232 3423 369 3487 lacrimis
387 3433 575 3507 consumpta
593 3423 657 3486 suis
674 3422 839 3487 Phoebeia
856 3422 968 3506 Byblis

170 3508 301 3574 vertitur
317 3508 350 3571 in
368 3507 503 3583 fontem,
521 3507 576 3590 qui
593 3530 677 3572 nunc
694 3529 822 3591 quoque
840 3508 975 3572 vallibus
993 3508 1055 3574 illis

102 3609 151 3660 665
169 3615 284 3658 nomen
302 3593 398 3658 habet
416 3592 577 3667 dominae,
595 3594 748 3677 nigraque
767 3593 826 3656 sub
843 3593 914 3658 ilice
932 3605 1051 3658 manat

212 3679 313 3743 Fama
330 3679 405 3743 novi
424 3690 550 3743 centum
569 3675 720 3743 Cretaeas
738 3678 869 3742 forsitan
887 3679 982 3744 urbes
1109 3689 1171 3761 lpus

168 3765 211 3828 im
234 3765 330 3829 lesset
346 3765 493 3840 monstri,
511 3763 537 3827 si
554 3785 619 3827 non
637 3764 789 3827 miracula
806 3786 907 3848 nuper

168 3850 207 3935 Ip
231 3849 282 3914 'de
298 3861 420 3914 mutata
439 3847 534 3915 Crete
551 3849 699 3934 propiora
715 3849 847 3913 tulisset.

168 3935 313 4020 proxima
331 3933 491 4001 Gnosiaco
509 3958 583 3998 nam
600 3934 761 4016 quondam
778 3934 930 3999 Phaestia
947 3958 1046 4023 regno

101 4040 152 4095 676
168 4019 337 4109 progenuit
354 4022 447 4087 tellus
464 4022 619 4107 ignotum,
638 4022 766 4087 nornine
784 4021 937 4108 Ligdum,
