<?xml version="1.0" encoding="UTF-8"?>
<!DOCTYPE html PUBLIC "-//W3C//DTD XHTML 1.0 Transitional//EN"
    "http://www.w3.org/TR/xhtml1/DTD/xhtml1-transitional.dtd">
<html xmlns="http://www.w3.org/1999/xhtml" xml:lang="en" lang="en">
 <head>
  <title>
</title>
<meta http-equiv="Content-Type" content="text/html;charset=utf-8" />
  <meta name='ocr-system' content='tesseract 3.04.00' />
  <meta name='ocr-capabilities' content='ocr_page ocr_carea ocr_par ocr_line ocrx_word'/>
</head>
<body>
  <div class='ocr_page' id='page_1' title='image "./carmina03ovidgoog_0067.png"; bbox 0 0 2574 4478; ppageno 0'>
   <div class='ocr_carea' id='block_1_1' title="bbox 212 281 894 352">
    <p class='ocr_par' dir='ltr' id='par_1_1' title="bbox 212 281 894 352">
     <span class='ocr_line' id='line_1_1' title="bbox 212 281 894 352; baseline 0.009 -6"><span class='ocrx_word' id='word_1_1' title='bbox 212 281 253 347; x_wconf 88' lang='lat'>10</span> <span class='ocrx_word' id='word_1_2' title='bbox 537 297 571 350; x_wconf 88' lang='lat' dir='ltr'>P.</span> <span class='ocrx_word' id='word_1_3' title='bbox 591 295 716 352; x_wconf 89' lang='lat' dir='ltr'><strong>OVIDII</strong></span> <span class='ocrx_word' id='word_1_4' title='bbox 733 294 894 352; x_wconf 85' lang='lat' dir='ltr'>NASONIS</span> 
     </span>
    </p>
   </div>
   <div class='ocr_carea' id='block_1_2' title="bbox 138 417 1224 4005">
    <p class='ocr_par' dir='ltr' id='par_1_2' title="bbox 209 417 1064 676">
     <span class='ocr_line' id='line_1_2' title="bbox 211 417 1064 505; baseline 0.002 -21"><span class='ocrx_word' id='word_1_5' title='bbox 211 421 327 503; x_wconf 82' lang='lat' dir='ltr'>detque</span> <span class='ocrx_word' id='word_1_6' title='bbox 345 417 404 483; x_wconf 88' lang='lat' dir='ltr'>sibi</span> <span class='ocrx_word' id='word_1_7' title='bbox 422 418 560 497; x_wconf 89' lang='lat' dir='ltr'>veniam,</span> <span class='ocrx_word' id='word_1_8' title='bbox 578 420 695 504; x_wconf 85' lang='lat' dir='ltr'>pavido</span> <span class='ocrx_word' id='word_1_9' title='bbox 713 432 888 505; x_wconf 74' lang='lat' dir='ltr'>rogatum,</span> <span class='ocrx_word' id='word_1_10' title='bbox 907 430 1064 505; x_wconf 78' lang='lat' dir='ltr'>pavetque</span> 
     </span>
     <span class='ocr_line' id='line_1_3' title="bbox 209 505 946 572; baseline -0.004 0"><span class='ocrx_word' id='word_1_11' title='bbox 209 506 335 572; x_wconf 88' lang='lat' dir='ltr'>laedere</span> <span class='ocrx_word' id='word_1_12' title='bbox 352 505 474 570; x_wconf 88' lang='lat' dir='ltr'>iactatis</span> <span class='ocrx_word' id='word_1_13' title='bbox 492 515 650 571; x_wconf 86' lang='lat' dir='ltr'>maternas</span> <span class='ocrx_word' id='word_1_14' title='bbox 668 507 791 570; x_wconf 91' lang='lat' dir='ltr'>ossibus</span> <span class='ocrx_word' id='word_1_15' title='bbox 808 507 946 570; x_wconf 84' lang='lat' dir='ltr'>umbras.</span> 
     </span>
     <span class='ocr_line' id='line_1_4' title="bbox 210 591 905 676; baseline 0 -21"><span class='ocrx_word' id='word_1_16' title='bbox 210 593 331 656; x_wconf 89' lang='lat' dir='ltr'>interea</span> <span class='ocrx_word' id='word_1_17' title='bbox 347 602 492 676; x_wconf 90' lang='lat' dir='ltr'>repetunt</span> <span class='ocrx_word' id='word_1_18' title='bbox 510 592 611 656; x_wconf 88' lang='lat' dir='ltr'>caecis</span> <span class='ocrx_word' id='word_1_19' title='bbox 629 591 763 656; x_wconf 87' lang='lat' dir='ltr'>obscura</span> <span class='ocrx_word' id='word_1_20' title='bbox 779 591 905 655; x_wconf 87' lang='lat' dir='ltr'>latebris</span> 
     </span>
    </p>

    <p class='ocr_par' dir='ltr' id='par_1_3' title="bbox 210 675 1035 760">
     <span class='ocr_line' id='line_1_5' title="bbox 210 675 1035 760; baseline 0.002 -20"><span class='ocrx_word' id='word_1_21' title='bbox 210 677 308 743; x_wconf 84' lang='lat' dir='ltr'>verba</span> <span class='ocrx_word' id='word_1_22' title='bbox 326 677 418 740; x_wconf 86' lang='lat' dir='ltr'>datae</span> <span class='ocrx_word' id='word_1_23' title='bbox 436 675 526 740; x_wconf 89' lang='lat' dir='ltr'>sortis</span> <span class='ocrx_word' id='word_1_24' title='bbox 545 699 653 742; x_wconf 88' lang='lat' dir='ltr'>secum</span> <span class='ocrx_word' id='word_1_25' title='bbox 670 678 752 741; x_wconf 90' lang='lat' dir='ltr'>inter</span> <span class='ocrx_word' id='word_1_26' title='bbox 768 699 865 760; x_wconf 89' lang='lat' dir='ltr'>seque</span> <span class='ocrx_word' id='word_1_27' title='bbox 883 679 1035 742; x_wconf 86' lang='lat' dir='ltr'>volutant.</span> 
     </span>
    </p>

    <p class='ocr_par' dir='ltr' id='par_1_4' title="bbox 143 762 1144 1189">
     <span class='ocr_line' id='line_1_6' title="bbox 143 762 998 848; baseline -0.001 -22"><span class='ocrx_word' id='word_1_28' title='bbox 143 784 194 834; x_wconf 75' lang='lat'>390</span> <span class='ocrx_word' id='word_1_29' title='bbox 210 763 284 827; x_wconf 90' lang='lat' dir='ltr'>inde</span> <span class='ocrx_word' id='word_1_30' title='bbox 301 762 522 826; x_wconf 85' lang='lat' dir='ltr'>Promethides</span> <span class='ocrx_word' id='word_1_31' title='bbox 539 763 670 847; x_wconf 84' lang='lat' dir='ltr'>placidis</span> <span class='ocrx_word' id='word_1_32' title='bbox 688 762 891 848; x_wconf 82' lang='lat' dir='ltr'>Epimethida</span> <span class='ocrx_word' id='word_1_33' title='bbox 909 763 998 828; x_wconf 88' lang='lat' dir='ltr'>dictis</span> 
     </span>
     <span class='ocr_line' id='line_1_7' title="bbox 211 847 1006 925; baseline 0 -14"><span class='ocrx_word' id='word_1_34' title='bbox 211 849 329 912; x_wconf 90' lang='lat' dir='ltr'>mulcet</span> <span class='ocrx_word' id='word_1_35' title='bbox 346 860 377 912; x_wconf 91' lang='lat' dir='ltr'>et</span> <span class='ocrx_word' id='word_1_36' title='bbox 395 854 465 911; x_wconf 87' lang='lat' dir='ltr'>‘aut</span> <span class='ocrx_word' id='word_1_37' title='bbox 482 847 592 912; x_wconf 86' lang='lat' dir='ltr'>fallax&#39;</span> <span class='ocrx_word' id='word_1_38' title='bbox 612 848 655 912; x_wconf 90' lang='lat' dir='ltr'>ait</span> <span class='ocrx_word' id='word_1_39' title='bbox 673 854 734 912; x_wconf 86' lang='lat' dir='ltr'>‘est</span> <span class='ocrx_word' id='word_1_40' title='bbox 753 849 889 912; x_wconf 86' lang='lat' dir='ltr'>sollertia</span> <span class='ocrx_word' id='word_1_41' title='bbox 905 848 1006 925; x_wconf 90' lang='lat' dir='ltr'>nobis,</span> 
     </span>
     <span class='ocr_line' id='line_1_8' title="bbox 212 932 1038 1018; baseline -0.002 -20"><span class='ocrx_word' id='word_1_42' title='bbox 212 945 266 998; x_wconf 85' lang='lat' dir='ltr'>aut</span> <span class='ocrx_word' id='word_1_43' title='bbox 283 932 336 1018; x_wconf 90' lang='lat' dir='ltr'>pia</span> <span class='ocrx_word' id='word_1_44' title='bbox 353 944 427 997; x_wconf 92' lang='lat' dir='ltr'>sunt</span> <span class='ocrx_word' id='word_1_45' title='bbox 442 934 627 1016; x_wconf 92' lang='lat' dir='ltr'>nullumque</span> <span class='ocrx_word' id='word_1_46' title='bbox 644 933 734 997; x_wconf 85' lang='lat' dir='ltr'>nefas</span> <span class='ocrx_word' id='word_1_47' title='bbox 752 934 879 998; x_wconf 86' lang='lat' dir='ltr'>oracula</span> <span class='ocrx_word' id='word_1_48' title='bbox 896 934 1038 998; x_wconf 86' lang='lat' dir='ltr'>suadent.</span> 
     </span>
     <span class='ocr_line' id='line_1_9' title="bbox 213 1018 1144 1104; baseline 0.002 -22"><span class='ocrx_word' id='word_1_49' title='bbox 213 1025 353 1103; x_wconf 87' lang='lat' dir='ltr'>“magna</span> <span class='ocrx_word' id='word_1_50' title='bbox 370 1018 510 1103; x_wconf 86' lang='lat' dir='ltr'>pareus&#39;&#39;</span> <span class='ocrx_word' id='word_1_51' title='bbox 529 1031 611 1083; x_wconf 86' lang='lat' dir='ltr'>terra</span> <span class='ocrx_word' id='word_1_52' title='bbox 628 1029 689 1083; x_wconf 90' lang='lat' dir='ltr'>est:</span> <span class='ocrx_word' id='word_1_53' title='bbox 707 1019 827 1103; x_wconf 88' lang='lat' dir='ltr'>lapides</span> <span class='ocrx_word' id='word_1_54' title='bbox 845 1019 877 1082; x_wconf 92' lang='lat' dir='ltr'>in</span> <span class='ocrx_word' id='word_1_55' title='bbox 896 1040 1026 1104; x_wconf 86' lang='lat' dir='ltr'>corpore</span> <span class='ocrx_word' id='word_1_56' title='bbox 1044 1030 1144 1084; x_wconf 88' lang='lat' dir='ltr'>terrae</span> 
     </span>
     <span class='ocr_line' id='line_1_10' title="bbox 211 1104 1086 1189; baseline 0 -22"><span class='ocrx_word' id='word_1_57' title='bbox 211 1105 333 1168; x_wconf 86' lang='lat' dir='ltr'>“ossa&#39;’</span> <span class='ocrx_word' id='word_1_58' title='bbox 352 1125 423 1168; x_wconf 91' lang='lat' dir='ltr'>reor</span> <span class='ocrx_word' id='word_1_59' title='bbox 440 1104 515 1167; x_wconf 85' lang='lat' dir='ltr'>diei:</span> <span class='ocrx_word' id='word_1_60' title='bbox 533 1105 635 1169; x_wconf 88' lang='lat' dir='ltr'>iacere</span> <span class='ocrx_word' id='word_1_61' title='bbox 652 1104 709 1168; x_wconf 90' lang='lat' dir='ltr'>hos</span> <span class='ocrx_word' id='word_1_62' title='bbox 726 1116 797 1188; x_wconf 88' lang='lat' dir='ltr'>post</span> <span class='ocrx_word' id='word_1_63' title='bbox 815 1115 904 1189; x_wconf 83' lang='lat' dir='ltr'>terga</span> <span class='ocrx_word' id='word_1_64' title='bbox 920 1105 1086 1169; x_wconf 63' lang='lat' dir='ltr'>iubemur!</span> 
     </span>
    </p>

    <p class='ocr_par' dir='ltr' id='par_1_5' title="bbox 144 1189 1089 1615">
     <span class='ocr_line' id='line_1_11' title="bbox 144 1189 1035 1273; baseline 0.001 -20"><span class='ocrx_word' id='word_1_65' title='bbox 144 1210 193 1259; x_wconf 81' lang='lat'>395</span> <span class='ocrx_word' id='word_1_66' title='bbox 212 1189 354 1273; x_wconf 82' lang='lat' dir='ltr'>coniugis</span> <span class='ocrx_word' id='word_1_67' title='bbox 373 1190 506 1273; x_wconf 86' lang='lat' dir='ltr'>augurio</span> <span class='ocrx_word' id='word_1_68' title='bbox 524 1210 716 1271; x_wconf 85' lang='lat' dir='ltr'>quamquam</span> <span class='ocrx_word' id='word_1_69' title='bbox 733 1190 859 1253; x_wconf 82' lang='lat' dir='ltr'>Titania</span> <span class='ocrx_word' id='word_1_70' title='bbox 876 1200 962 1253; x_wconf 86' lang='lat' dir='ltr'>mota</span> <span class='ocrx_word' id='word_1_71' title='bbox 979 1203 1035 1266; x_wconf 90' lang='lat' dir='ltr'>est,</span> 
     </span>
     <span class='ocr_line' id='line_1_12' title="bbox 212 1273 1083 1360; baseline 0 -21"><span class='ocrx_word' id='word_1_72' title='bbox 212 1298 283 1360; x_wconf 89' lang='lat' dir='ltr'>spes</span> <span class='ocrx_word' id='word_1_73' title='bbox 301 1287 406 1338; x_wconf 90' lang='lat' dir='ltr'>tamen</span> <span class='ocrx_word' id='word_1_74' title='bbox 424 1276 457 1338; x_wconf 92' lang='lat' dir='ltr'>in</span> <span class='ocrx_word' id='word_1_75' title='bbox 475 1273 570 1337; x_wconf 89' lang='lat' dir='ltr'>dubio</span> <span class='ocrx_word' id='word_1_76' title='bbox 589 1286 644 1338; x_wconf 87' lang='lat' dir='ltr'>est.</span> <span class='ocrx_word' id='word_1_77' title='bbox 689 1275 767 1339; x_wconf 86' lang='lat' dir='ltr'>adeo</span> <span class='ocrx_word' id='word_1_78' title='bbox 785 1275 972 1339; x_wconf 85' lang='lat' dir='ltr'>caelestibus</span> <span class='ocrx_word' id='word_1_79' title='bbox 990 1276 1083 1339; x_wconf 90' lang='lat' dir='ltr'>ambo</span> 
     </span>
     <span class='ocr_line' id='line_1_13' title="bbox 212 1359 1036 1445; baseline 0 -22"><span class='ocrx_word' id='word_1_80' title='bbox 212 1361 361 1423; x_wconf 90' lang='lat' dir='ltr'>diffidunt</span> <span class='ocrx_word' id='word_1_81' title='bbox 376 1360 511 1423; x_wconf 89' lang='lat' dir='ltr'>monitis.</span> <span class='ocrx_word' id='word_1_82' title='bbox 556 1359 611 1423; x_wconf 91' lang='lat' dir='ltr'>sed</span> <span class='ocrx_word' id='word_1_83' title='bbox 628 1359 705 1442; x_wconf 94' lang='lat' dir='ltr'>quid</span> <span class='ocrx_word' id='word_1_84' title='bbox 722 1370 875 1445; x_wconf 85' lang='lat' dir='ltr'>temptare</span> <span class='ocrx_word' id='word_1_85' title='bbox 892 1361 1036 1425; x_wconf 86' lang='lat' dir='ltr'>nocebit?</span> 
     </span>
     <span class='ocr_line' id='line_1_14' title="bbox 215 1445 1089 1531; baseline 0.001 -23"><span class='ocrx_word' id='word_1_86' title='bbox 215 1445 383 1509; x_wconf 90' lang='lat' dir='ltr'>discedunt</span> <span class='ocrx_word' id='word_1_87' title='bbox 423 1446 591 1528; x_wconf 87' lang='lat' dir='ltr'>velantque</span> <span class='ocrx_word' id='word_1_88' title='bbox 609 1457 705 1530; x_wconf 90' lang='lat' dir='ltr'>caput</span> <span class='ocrx_word' id='word_1_89' title='bbox 721 1446 905 1528; x_wconf 82' lang='lat' dir='ltr'>tunicasque</span> <span class='ocrx_word' id='word_1_90' title='bbox 922 1445 1089 1531; x_wconf 80' lang='lat' dir='ltr'>recingunt</span> 
     </span>
     <span class='ocr_line' id='line_1_15' title="bbox 212 1530 967 1615; baseline -0.001 -19"><span class='ocrx_word' id='word_1_91' title='bbox 212 1543 243 1596; x_wconf 91' lang='lat' dir='ltr'>et</span> <span class='ocrx_word' id='word_1_92' title='bbox 259 1533 361 1595; x_wconf 87' lang='lat' dir='ltr'>iussos</span> <span class='ocrx_word' id='word_1_93' title='bbox 379 1530 499 1615; x_wconf 88' lang='lat' dir='ltr'>lapides</span> <span class='ocrx_word' id='word_1_94' title='bbox 517 1553 575 1593; x_wconf 89' lang='lat' dir='ltr'>sua</span> <span class='ocrx_word' id='word_1_95' title='bbox 591 1542 663 1614; x_wconf 90' lang='lat' dir='ltr'>post</span> <span class='ocrx_word' id='word_1_96' title='bbox 680 1530 813 1614; x_wconf 84' lang='lat' dir='ltr'>vestigia</span> <span class='ocrx_word' id='word_1_97' title='bbox 830 1531 899 1595; x_wconf 90' lang='lat' dir='ltr'>mitt</span> <span class='ocrx_word' id='word_1_98' title='bbox 945 1544 967 1595; x_wconf 86' lang='lat' dir='ltr'>t.</span> 
     </span>
    </p>

    <p class='ocr_par' dir='ltr' id='par_1_6' title="bbox 142 1615 1192 2042">
     <span class='ocr_line' id='line_1_16' title="bbox 142 1615 1192 1700; baseline 0 -20"><span class='ocrx_word' id='word_1_99' title='bbox 142 1638 194 1687; x_wconf 81' lang='lat'>400</span> <span class='ocrx_word' id='word_1_100' title='bbox 212 1639 289 1680; x_wconf 85' lang='lat' dir='ltr'>saxa</span> <span class='ocrx_word' id='word_1_101' title='bbox 305 1652 348 1661; x_wconf 95' lang='lat'>—</span> <span class='ocrx_word' id='word_1_102' title='bbox 365 1616 435 1697; x_wconf 92' lang='lat' dir='ltr'>quis</span> <span class='ocrx_word' id='word_1_103' title='bbox 452 1616 513 1679; x_wconf 90' lang='lat' dir='ltr'>hoc</span> <span class='ocrx_word' id='word_1_104' title='bbox 531 1615 651 1692; x_wconf 86' lang='lat' dir='ltr'>credat,</span> <span class='ocrx_word' id='word_1_105' title='bbox 668 1616 728 1679; x_wconf 91' lang='lat' dir='ltr'>nisi</span> <span class='ocrx_word' id='word_1_106' title='bbox 747 1617 786 1679; x_wconf 93' lang='lat' dir='ltr'>sit</span> <span class='ocrx_word' id='word_1_107' title='bbox 803 1639 860 1700; x_wconf 91' lang='lat' dir='ltr'>pro</span> <span class='ocrx_word' id='word_1_108' title='bbox 878 1629 957 1681; x_wconf 87' lang='lat' dir='ltr'>teste</span> <span class='ocrx_word' id='word_1_109' title='bbox 975 1617 1133 1681; x_wconf 83' lang='lat' dir='ltr'>vetustas?</span> <span class='ocrx_word' id='word_1_110' title='bbox 1149 1654 1192 1664; x_wconf 94' lang='lat'><em>-</em></span> 
     </span>
     <span class='ocr_line' id='line_1_17' title="bbox 210 1701 968 1788; baseline 0 -23"><span class='ocrx_word' id='word_1_111' title='bbox 210 1723 327 1788; x_wconf 90' lang='lat' dir='ltr'>ponere</span> <span class='ocrx_word' id='word_1_112' title='bbox 346 1701 493 1764; x_wconf 90' lang='lat' dir='ltr'>duritiem</span> <span class='ocrx_word' id='word_1_113' title='bbox 510 1722 641 1785; x_wconf 88' lang='lat' dir='ltr'>coepere</span> <span class='ocrx_word' id='word_1_114' title='bbox 659 1723 815 1784; x_wconf 82' lang='lat' dir='ltr'>suumque</span> <span class='ocrx_word' id='word_1_115' title='bbox 832 1703 968 1786; x_wconf 84' lang='lat' dir='ltr'>rigorem</span> 
     </span>
     <span class='ocr_line' id='line_1_18' title="bbox 211 1786 984 1870; baseline 0.001 -20"><span class='ocrx_word' id='word_1_116' title='bbox 211 1787 386 1869; x_wconf 89' lang='lat' dir='ltr'>mollirique</span> <span class='ocrx_word' id='word_1_117' title='bbox 404 1808 493 1849; x_wconf 88' lang='lat' dir='ltr'>mora</span> <span class='ocrx_word' id='word_1_118' title='bbox 509 1787 691 1870; x_wconf 87' lang='lat' dir='ltr'>mollitaque</span> <span class='ocrx_word' id='word_1_119' title='bbox 709 1786 823 1850; x_wconf 91' lang='lat' dir='ltr'>ducere</span> <span class='ocrx_word' id='word_1_120' title='bbox 840 1788 984 1851; x_wconf 87' lang='lat' dir='ltr'>formam.</span> 
     </span>
     <span class='ocr_line' id='line_1_19' title="bbox 211 1872 964 1955; baseline 0.001 -19"><span class='ocrx_word' id='word_1_121' title='bbox 211 1895 299 1945; x_wconf 87' lang='lat' dir='ltr'>mox,</span> <span class='ocrx_word' id='word_1_122' title='bbox 317 1872 373 1935; x_wconf 90' lang='lat' dir='ltr'>ubi</span> <span class='ocrx_word' id='word_1_123' title='bbox 391 1882 571 1948; x_wconf 86' lang='lat' dir='ltr'>creverunt,</span> <span class='ocrx_word' id='word_1_124' title='bbox 589 1883 765 1955; x_wconf 87' lang='lat' dir='ltr'>naturaque</span> <span class='ocrx_word' id='word_1_125' title='bbox 783 1873 886 1936; x_wconf 90' lang='lat' dir='ltr'>mitior</span> <span class='ocrx_word' id='word_1_126' title='bbox 903 1874 964 1937; x_wconf 93' lang='lat' dir='ltr'>illis</span> 
     </span>
     <span class='ocr_line' id='line_1_20' title="bbox 212 1957 1057 2042; baseline 0 -20"><span class='ocrx_word' id='word_1_127' title='bbox 212 1957 357 2042; x_wconf 85' lang='lat' dir='ltr'>contigit,</span> <span class='ocrx_word' id='word_1_128' title='bbox 374 1966 410 2020; x_wconf 92' lang='lat' dir='ltr'>ut</span> <span class='ocrx_word' id='word_1_129' title='bbox 428 1957 598 2039; x_wconf 87' lang='lat' dir='ltr'>quaedam,</span> <span class='ocrx_word' id='word_1_130' title='bbox 617 1958 662 2021; x_wconf 90' lang='lat' dir='ltr'>sic</span> <span class='ocrx_word' id='word_1_131' title='bbox 679 1978 742 2021; x_wconf 89' lang='lat' dir='ltr'>non</span> <span class='ocrx_word' id='word_1_132' title='bbox 759 1958 940 2035; x_wconf 85' lang='lat' dir='ltr'>manifesta,</span> <span class='ocrx_word' id='word_1_133' title='bbox 958 1959 1057 2023; x_wconf 87' lang='lat' dir='ltr'>videri</span> 
     </span>
    </p>

    <p class='ocr_par' dir='ltr' id='par_1_7' title="bbox 142 2042 1128 2469">
     <span class='ocr_line' id='line_1_21' title="bbox 142 2042 1107 2130; baseline 0.003 -23"><span class='ocrx_word' id='word_1_134' title='bbox 142 2063 192 2113; x_wconf 80' lang='lat'>405</span> <span class='ocrx_word' id='word_1_135' title='bbox 211 2044 314 2107; x_wconf 84' lang='lat' dir='ltr'>forma</span> <span class='ocrx_word' id='word_1_136' title='bbox 330 2052 434 2127; x_wconf 87' lang='lat' dir='ltr'>potest</span> <span class='ocrx_word' id='word_1_137' title='bbox 451 2042 600 2118; x_wconf 88' lang='lat' dir='ltr'>hominis,</span> <span class='ocrx_word' id='word_1_138' title='bbox 620 2043 676 2106; x_wconf 87' lang='lat' dir='ltr'>sed</span> <span class='ocrx_word' id='word_1_139' title='bbox 693 2043 740 2106; x_wconf 91' lang='lat' dir='ltr'>uti</span> <span class='ocrx_word' id='word_1_140' title='bbox 757 2043 796 2106; x_wconf 91' lang='lat' dir='ltr'>de</span> <span class='ocrx_word' id='word_1_141' title='bbox 813 2066 968 2108; x_wconf 91' lang='lat' dir='ltr'>marmore</span> <span class='ocrx_word' id='word_1_142' title='bbox 987 2056 1107 2130; x_wconf 90' lang='lat' dir='ltr'>coepto,</span> 
     </span>
     <span class='ocr_line' id='line_1_22' title="bbox 210 2127 1010 2214; baseline 0.001 -22"><span class='ocrx_word' id='word_1_143' title='bbox 210 2152 275 2193; x_wconf 93' lang='lat' dir='ltr'>non</span> <span class='ocrx_word' id='word_1_144' title='bbox 293 2138 405 2192; x_wconf 85' lang='lat' dir='ltr'>exacta</span> <span class='ocrx_word' id='word_1_145' title='bbox 422 2127 497 2191; x_wconf 87' lang='lat' dir='ltr'>satis</span> <span class='ocrx_word' id='word_1_146' title='bbox 514 2127 710 2211; x_wconf 88' lang='lat' dir='ltr'>rudibusque</span> <span class='ocrx_word' id='word_1_147' title='bbox 728 2128 885 2192; x_wconf 88' lang='lat' dir='ltr'>simillima</span> <span class='ocrx_word' id='word_1_148' title='bbox 902 2129 1010 2214; x_wconf 82' lang='lat' dir='ltr'>signis.</span> 
     </span>
     <span class='ocr_line' id='line_1_23' title="bbox 211 2213 986 2298; baseline 0 -20"><span class='ocrx_word' id='word_1_149' title='bbox 211 2237 293 2298; x_wconf 88' lang='lat' dir='ltr'>quae</span> <span class='ocrx_word' id='word_1_150' title='bbox 311 2226 417 2277; x_wconf 85' lang='lat' dir='ltr'>tamen</span> <span class='ocrx_word' id='word_1_151' title='bbox 436 2236 475 2278; x_wconf 87' lang='lat' dir='ltr'>ex</span> <span class='ocrx_word' id='word_1_152' title='bbox 492 2213 553 2276; x_wconf 90' lang='lat' dir='ltr'>illis</span> <span class='ocrx_word' id='word_1_153' title='bbox 571 2213 677 2297; x_wconf 88' lang='lat' dir='ltr'>ahquo</span> <span class='ocrx_word' id='word_1_154' title='bbox 694 2235 767 2297; x_wconf 89' lang='lat' dir='ltr'>pars</span> <span class='ocrx_word' id='word_1_155' title='bbox 785 2214 893 2278; x_wconf 89' lang='lat' dir='ltr'>umida</span> <span class='ocrx_word' id='word_1_156' title='bbox 910 2237 986 2279; x_wconf 90' lang='lat' dir='ltr'>suco</span> 
     </span>
     <span class='ocr_line' id='line_1_24' title="bbox 211 2298 976 2383; baseline -0.003 -18"><span class='ocrx_word' id='word_1_157' title='bbox 211 2312 243 2365; x_wconf 89' lang='lat' dir='ltr'>et</span> <span class='ocrx_word' id='word_1_158' title='bbox 258 2312 383 2364; x_wconf 87' lang='lat' dir='ltr'>terrena</span> <span class='ocrx_word' id='word_1_159' title='bbox 399 2298 474 2376; x_wconf 90' lang='lat' dir='ltr'>fuit,</span> <span class='ocrx_word' id='word_1_160' title='bbox 492 2321 583 2363; x_wconf 88' lang='lat' dir='ltr'>versa</span> <span class='ocrx_word' id='word_1_161' title='bbox 601 2311 646 2362; x_wconf 89' lang='lat' dir='ltr'>est</span> <span class='ocrx_word' id='word_1_162' title='bbox 663 2298 697 2363; x_wconf 90' lang='lat' dir='ltr'>in</span> <span class='ocrx_word' id='word_1_163' title='bbox 715 2299 852 2383; x_wconf 88' lang='lat' dir='ltr'>corporis</span> <span class='ocrx_word' id='word_1_164' title='bbox 870 2322 976 2363; x_wconf 88' lang='lat' dir='ltr'>usum:</span> 
     </span>
     <span class='ocr_line' id='line_1_25' title="bbox 210 2384 1128 2469; baseline 0.002 -20"><span class='ocrx_word' id='word_1_165' title='bbox 210 2386 296 2469; x_wconf 93' lang='lat' dir='ltr'>quod</span> <span class='ocrx_word' id='word_1_166' title='bbox 314 2384 450 2449; x_wconf 89' lang='lat' dir='ltr'>solidum</span> <span class='ocrx_word' id='word_1_167' title='bbox 468 2395 516 2448; x_wconf 92' lang='lat' dir='ltr'>est</span> <span class='ocrx_word' id='word_1_168' title='bbox 531 2385 678 2467; x_wconf 87' lang='lat' dir='ltr'>flectique</span> <span class='ocrx_word' id='word_1_169' title='bbox 695 2386 818 2468; x_wconf 88' lang='lat' dir='ltr'>nequit,</span> <span class='ocrx_word' id='word_1_170' title='bbox 836 2396 976 2449; x_wconf 89' lang='lat' dir='ltr'>mutatur</span> <span class='ocrx_word' id='word_1_171' title='bbox 991 2385 1024 2449; x_wconf 91' lang='lat' dir='ltr'>in</span> <span class='ocrx_word' id='word_1_172' title='bbox 1042 2409 1128 2451; x_wconf 71' lang='lat' dir='ltr'>ossae</span> 
     </span>
    </p>

    <p class='ocr_par' dir='ltr' id='par_1_8' title="bbox 142 2469 1093 2895">
     <span class='ocr_line' id='line_1_26' title="bbox 142 2469 1093 2554; baseline -0.005 -13"><span class='ocrx_word' id='word_1_173' title='bbox 142 2493 192 2541; x_wconf 84' lang='lat'>410</span> <span class='ocrx_word' id='word_1_174' title='bbox 210 2493 292 2554; x_wconf 87' lang='lat' dir='ltr'>quae</span> <span class='ocrx_word' id='word_1_175' title='bbox 310 2469 405 2534; x_wconf 93' lang='lat' dir='ltr'>modo</span> <span class='ocrx_word' id='word_1_176' title='bbox 422 2492 505 2535; x_wconf 88' lang='lat' dir='ltr'>vena</span> <span class='ocrx_word' id='word_1_177' title='bbox 521 2470 596 2546; x_wconf 89' lang='lat' dir='ltr'>fuit,</span> <span class='ocrx_word' id='word_1_178' title='bbox 615 2470 674 2533; x_wconf 91' lang='lat' dir='ltr'>sub</span> <span class='ocrx_word' id='word_1_179' title='bbox 692 2470 803 2534; x_wconf 92' lang='lat' dir='ltr'>eodem</span> <span class='ocrx_word' id='word_1_180' title='bbox 821 2471 947 2534; x_wconf 89' lang='lat' dir='ltr'>nomine</span> <span class='ocrx_word' id='word_1_181' title='bbox 965 2472 1093 2536; x_wconf 82' lang='lat' dir='ltr'>mansit:</span> 
     </span>
     <span class='ocr_line' id='line_1_27' title="bbox 208 2554 974 2640; baseline -0.001 -19"><span class='ocrx_word' id='word_1_182' title='bbox 208 2557 305 2639; x_wconf 91' lang='lat' dir='ltr'>inque</span> <span class='ocrx_word' id='word_1_183' title='bbox 323 2554 412 2620; x_wconf 87' lang='lat' dir='ltr'>brevi</span> <span class='ocrx_word' id='word_1_184' title='bbox 430 2555 532 2640; x_wconf 87' lang='lat' dir='ltr'>spatio</span> <span class='ocrx_word' id='word_1_185' title='bbox 550 2576 734 2639; x_wconf 90' lang='lat' dir='ltr'>superorum</span> <span class='ocrx_word' id='word_1_186' title='bbox 751 2556 880 2620; x_wconf 89' lang='lat' dir='ltr'>numine</span> <span class='ocrx_word' id='word_1_187' title='bbox 898 2579 974 2620; x_wconf 84' lang='lat' dir='ltr'>sexa</span> 
     </span>
     <span class='ocr_line' id='line_1_28' title="bbox 210 2640 980 2719; baseline 0.001 -15"><span class='ocrx_word' id='word_1_188' title='bbox 210 2643 307 2704; x_wconf 86' lang='lat' dir='ltr'>missa</span> <span class='ocrx_word' id='word_1_189' title='bbox 324 2640 383 2703; x_wconf 91' lang='lat' dir='ltr'>viri</span> <span class='ocrx_word' id='word_1_190' title='bbox 399 2640 545 2704; x_wconf 88' lang='lat' dir='ltr'>manibus</span> <span class='ocrx_word' id='word_1_191' title='bbox 561 2641 675 2705; x_wconf 89' lang='lat' dir='ltr'>faciem</span> <span class='ocrx_word' id='word_1_192' title='bbox 692 2651 815 2705; x_wconf 88' lang='lat' dir='ltr'>traxere</span> <span class='ocrx_word' id='word_1_193' title='bbox 832 2641 980 2719; x_wconf 90' lang='lat' dir='ltr'>virorum,</span> 
     </span>
     <span class='ocr_line' id='line_1_29' title="bbox 211 2723 926 2811; baseline -0.003 -20"><span class='ocrx_word' id='word_1_194' title='bbox 211 2737 243 2791; x_wconf 88' lang='lat' dir='ltr'>et</span> <span class='ocrx_word' id='word_1_195' title='bbox 260 2727 299 2790; x_wconf 92' lang='lat' dir='ltr'>de</span> <span class='ocrx_word' id='word_1_196' title='bbox 316 2723 454 2790; x_wconf 84' lang='lat' dir='ltr'>femineo</span> <span class='ocrx_word' id='word_1_197' title='bbox 471 2737 616 2811; x_wconf 85' lang='lat' dir='ltr'>reparata</span> <span class='ocrx_word' id='word_1_198' title='bbox 633 2736 681 2789; x_wconf 88' lang='lat' dir='ltr'>est</span> <span class='ocrx_word' id='word_1_199' title='bbox 697 2726 815 2789; x_wconf 87' lang='lat' dir='ltr'>femina</span> <span class='ocrx_word' id='word_1_200' title='bbox 832 2727 926 2791; x_wconf 87' lang='lat' dir='ltr'>iactu.</span> 
     </span>
     <span class='ocr_line' id='line_1_30' title="bbox 209 2811 1078 2895; baseline 0.003 -21"><span class='ocrx_word' id='word_1_201' title='bbox 209 2811 283 2875; x_wconf 92' lang='lat' dir='ltr'>inde</span> <span class='ocrx_word' id='word_1_202' title='bbox 300 2833 402 2895; x_wconf 86' lang='lat' dir='ltr'>genus</span> <span class='ocrx_word' id='word_1_203' title='bbox 420 2811 534 2875; x_wconf 89' lang='lat' dir='ltr'>durum</span> <span class='ocrx_word' id='word_1_204' title='bbox 552 2833 660 2874; x_wconf 90' lang='lat' dir='ltr'>sumus</span> <span class='ocrx_word' id='word_1_205' title='bbox 679 2811 906 2895; x_wconf 88' lang='lat' dir='ltr'>experiensque</span> <span class='ocrx_word' id='word_1_206' title='bbox 922 2812 1078 2891; x_wconf 89' lang='lat' dir='ltr'>laborum,</span> 
     </span>
    </p>

    <p class='ocr_par' dir='ltr' id='par_1_9' title="bbox 141 2896 1014 2981">
     <span class='ocr_line' id='line_1_31' title="bbox 141 2896 1014 2981; baseline -0.003 -16"><span class='ocrx_word' id='word_1_207' title='bbox 141 2917 191 2967; x_wconf 85' lang='lat'>415</span> <span class='ocrx_word' id='word_1_208' title='bbox 209 2907 241 2961; x_wconf 90' lang='lat' dir='ltr'>et</span> <span class='ocrx_word' id='word_1_209' title='bbox 259 2896 446 2961; x_wconf 87' lang='lat' dir='ltr'>documenta</span> <span class='ocrx_word' id='word_1_210' title='bbox 463 2897 588 2971; x_wconf 90' lang='lat' dir='ltr'>damus,</span> <span class='ocrx_word' id='word_1_211' title='bbox 606 2917 670 2979; x_wconf 87' lang='lat' dir='ltr'>qua</span> <span class='ocrx_word' id='word_1_212' title='bbox 686 2897 784 2960; x_wconf 90' lang='lat' dir='ltr'>simus</span> <span class='ocrx_word' id='word_1_213' title='bbox 801 2897 921 2981; x_wconf 83' lang='lat' dir='ltr'>origine</span> <span class='ocrx_word' id='word_1_214' title='bbox 939 2899 1014 2962; x_wconf 86' lang='lat' dir='ltr'>uati.</span> 
     </span>
    </p>

    <p class='ocr_par' dir='ltr' id='par_1_10' title="bbox 208 2980 1224 3321">
     <span class='ocr_line' id='line_1_32' title="bbox 252 2980 1224 3070; baseline 0 -24"><span class='ocrx_word' id='word_1_215' title='bbox 252 2980 369 3046; x_wconf 87' lang='lat' dir='ltr'>Cetera</span> <span class='ocrx_word' id='word_1_216' title='bbox 386 2981 516 3046; x_wconf 82' lang='lat' dir='ltr'>diversis</span> <span class='ocrx_word' id='word_1_217' title='bbox 533 2982 625 3045; x_wconf 90' lang='lat' dir='ltr'>tellus</span> <span class='ocrx_word' id='word_1_218' title='bbox 643 2981 790 3045; x_wconf 84' lang='lat' dir='ltr'>animalia</span> <span class='ocrx_word' id='word_1_219' title='bbox 807 2982 916 3046; x_wconf 89' lang='lat' dir='ltr'>formis</span> <span class='ocrx_word' id='word_1_220' title='bbox 1118 3003 1224 3070; x_wconf 71' lang='lat' dir='ltr'>Python.</span> 
     </span>
     <span class='ocr_line' id='line_1_33' title="bbox 209 3067 1102 3154; baseline 0.006 -23"><span class='ocrx_word' id='word_1_221' title='bbox 209 3080 320 3153; x_wconf 87' lang='lat' dir='ltr'>sponte</span> <span class='ocrx_word' id='word_1_222' title='bbox 338 3090 396 3132; x_wconf 90' lang='lat' dir='ltr'>sua</span> <span class='ocrx_word' id='word_1_223' title='bbox 412 3067 548 3151; x_wconf 87' lang='lat' dir='ltr'>peperit,</span> <span class='ocrx_word' id='word_1_224' title='bbox 566 3077 735 3151; x_wconf 87' lang='lat' dir='ltr'>postquam</span> <span class='ocrx_word' id='word_1_225' title='bbox 752 3077 843 3131; x_wconf 88' lang='lat' dir='ltr'>vetus</span> <span class='ocrx_word' id='word_1_226' title='bbox 861 3090 952 3132; x_wconf 91' lang='lat' dir='ltr'>umor</span> <span class='ocrx_word' id='word_1_227' title='bbox 970 3069 1010 3132; x_wconf 87' lang='lat' dir='ltr'>ab</span> <span class='ocrx_word' id='word_1_228' title='bbox 1028 3069 1102 3154; x_wconf 86' lang='lat' dir='ltr'>igne</span> 
     </span>
     <span class='ocr_line' id='line_1_34' title="bbox 208 3152 993 3253; baseline -0.001 -35"><span class='ocrx_word' id='word_1_229' title='bbox 208 3152 362 3253; x_wconf 88' lang='lat' dir='ltr'>percaluit</span> <span class='ocrx_word' id='word_1_230' title='bbox 380 3152 468 3229; x_wconf 84' lang='lat' dir='ltr'>solis,</span> <span class='ocrx_word' id='word_1_231' title='bbox 487 3174 682 3236; x_wconf 85' lang='lat' dir='ltr'>caenumque</span> <span class='ocrx_word' id='word_1_232' title='bbox 699 3152 843 3235; x_wconf 88' lang='lat' dir='ltr'>udaeque</span> <span class='ocrx_word' id='word_1_233' title='bbox 861 3154 993 3237; x_wconf 86' lang='lat' dir='ltr'>paludes</span> 
     </span>
     <span class='ocr_line' id='line_1_35' title="bbox 208 3238 984 3321; baseline 0.001 -20"><span class='ocrx_word' id='word_1_234' title='bbox 208 3248 385 3303; x_wconf 89' lang='lat' dir='ltr'>mtumuere</span> <span class='ocrx_word' id='word_1_235' title='bbox 403 3248 506 3315; x_wconf 90' lang='lat' dir='ltr'>aestu,</span> <span class='ocrx_word' id='word_1_236' title='bbox 524 3238 723 3321; x_wconf 86' lang='lat' dir='ltr'>fecundaque</span> <span class='ocrx_word' id='word_1_237' title='bbox 742 3238 862 3302; x_wconf 88' lang='lat' dir='ltr'>semina</span> <span class='ocrx_word' id='word_1_238' title='bbox 878 3261 984 3302; x_wconf 90' lang='lat' dir='ltr'>rerum</span> 
     </span>
    </p>

    <p class='ocr_par' dir='ltr' id='par_1_11' title="bbox 140 3323 1033 3748">
     <span class='ocr_line' id='line_1_36' title="bbox 140 3323 899 3400; baseline -0.005 -9"><span class='ocrx_word' id='word_1_239' title='bbox 140 3338 191 3392; x_wconf 66' lang='lat' dir='ltr'>fflo</span> <span class='ocrx_word' id='word_1_240' title='bbox 208 3323 312 3388; x_wconf 86' lang='lat' dir='ltr'>vivaci</span> <span class='ocrx_word' id='word_1_241' title='bbox 328 3323 447 3388; x_wconf 87' lang='lat' dir='ltr'>nutrita</span> <span class='ocrx_word' id='word_1_242' title='bbox 464 3324 546 3400; x_wconf 93' lang='lat' dir='ltr'>solo,</span> <span class='ocrx_word' id='word_1_243' title='bbox 565 3345 623 3387; x_wconf 86' lang='lat' dir='ltr'>ceu</span> <span class='ocrx_word' id='word_1_244' title='bbox 640 3323 749 3388; x_wconf 90' lang='lat' dir='ltr'>matris</span> <span class='ocrx_word' id='word_1_245' title='bbox 766 3323 800 3386; x_wconf 92' lang='lat' dir='ltr'>in</span> <span class='ocrx_word' id='word_1_246' title='bbox 817 3324 899 3400; x_wconf 86' lang='lat' dir='ltr'>alvo,</span> 
     </span>
     <span class='ocr_line' id='line_1_37' title="bbox 208 3408 1033 3494; baseline 0.001 -21"><span class='ocrx_word' id='word_1_247' title='bbox 208 3419 375 3474; x_wconf 90' lang='lat' dir='ltr'>creverunt</span> <span class='ocrx_word' id='word_1_248' title='bbox 391 3408 569 3492; x_wconf 88' lang='lat' dir='ltr'>faciemque</span> <span class='ocrx_word' id='word_1_249' title='bbox 587 3408 725 3491; x_wconf 86' lang='lat' dir='ltr'>aliquem</span> <span class='ocrx_word' id='word_1_250' title='bbox 743 3430 854 3494; x_wconf 90' lang='lat' dir='ltr'>cepere</span> <span class='ocrx_word' id='word_1_251' title='bbox 871 3410 1033 3474; x_wconf 87' lang='lat' dir='ltr'>morando.</span> 
     </span>
     <span class='ocr_line' id='line_1_38' title="bbox 210 3493 975 3580; baseline 0.003 -23"><span class='ocrx_word' id='word_1_252' title='bbox 210 3494 328 3558; x_wconf 88' lang='lat' dir='ltr'>sicubi</span> <span class='ocrx_word' id='word_1_253' title='bbox 346 3494 484 3558; x_wconf 91' lang='lat' dir='ltr'>deseruit</span> <span class='ocrx_word' id='word_1_254' title='bbox 500 3493 644 3558; x_wconf 84' lang='lat' dir='ltr'>madidos</span> <span class='ocrx_word' id='word_1_255' title='bbox 662 3495 865 3579; x_wconf 89' lang='lat' dir='ltr'>septemfluus</span> <span class='ocrx_word' id='word_1_256' title='bbox 883 3517 975 3580; x_wconf 82' lang='lat' dir='ltr'>agros</span> 
     </span>
     <span class='ocr_line' id='line_1_39' title="bbox 208 3578 979 3663; baseline 0.003 -21"><span class='ocrx_word' id='word_1_257' title='bbox 208 3578 301 3642; x_wconf 90' lang='lat' dir='ltr'>Nilus</span> <span class='ocrx_word' id='word_1_258' title='bbox 319 3589 351 3643; x_wconf 92' lang='lat' dir='ltr'>et</span> <span class='ocrx_word' id='word_1_259' title='bbox 367 3579 496 3663; x_wconf 86' lang='lat' dir='ltr'>antiquo</span> <span class='ocrx_word' id='word_1_260' title='bbox 514 3601 572 3643; x_wconf 88' lang='lat' dir='ltr'>sua</span> <span class='ocrx_word' id='word_1_261' title='bbox 589 3579 720 3643; x_wconf 85' lang='lat' dir='ltr'>flumina</span> <span class='ocrx_word' id='word_1_262' title='bbox 736 3579 872 3644; x_wconf 88' lang='lat' dir='ltr'>reddidit</span> <span class='ocrx_word' id='word_1_263' title='bbox 889 3581 979 3644; x_wconf 88' lang='lat' dir='ltr'>alveo</span> 
     </span>
     <span class='ocr_line' id='line_1_40' title="bbox 208 3663 912 3748; baseline -0.001 -20"><span class='ocrx_word' id='word_1_264' title='bbox 208 3663 410 3748; x_wconf 86' lang='lat' dir='ltr'>aetherioque</span> <span class='ocrx_word' id='word_1_265' title='bbox 427 3687 536 3730; x_wconf 87' lang='lat' dir='ltr'>recens</span> <span class='ocrx_word' id='word_1_266' title='bbox 554 3664 671 3729; x_wconf 86' lang='lat' dir='ltr'>exarsit</span> <span class='ocrx_word' id='word_1_267' title='bbox 689 3664 790 3730; x_wconf 89' lang='lat' dir='ltr'>sidere</span> <span class='ocrx_word' id='word_1_268' title='bbox 807 3665 912 3741; x_wconf 85' lang='lat' dir='ltr'>limus,</span> 
     </span>
    </p>

    <p class='ocr_par' dir='ltr' id='par_1_12' title="bbox 138 3747 1160 4005">
     <span class='ocr_line' id='line_1_41' title="bbox 138 3747 912 3848; baseline -0.003 -33"><span class='ocrx_word' id='word_1_269' title='bbox 138 3766 191 3817; x_wconf 77' lang='lat'>425</span> <span class='ocrx_word' id='word_1_270' title='bbox 206 3747 343 3848; x_wconf 86' lang='lat' dir='ltr'>plurima</span> <span class='ocrx_word' id='word_1_271' title='bbox 359 3751 494 3816; x_wconf 85' lang='lat' dir='ltr'>cultores</span> <span class='ocrx_word' id='word_1_272' title='bbox 511 3750 610 3815; x_wconf 83' lang='lat' dir='ltr'>versis</span> <span class='ocrx_word' id='word_1_273' title='bbox 627 3750 775 3813; x_wconf 86' lang='lat' dir='ltr'>animalia</span> <span class='ocrx_word' id='word_1_274' title='bbox 814 3750 912 3814; x_wconf 92' lang='lat' dir='ltr'>laebis</span> 
     </span>
     <span class='ocr_line' id='line_1_42' title="bbox 206 3772 1160 3922; baseline 0.005 -25"><span class='ocrx_word' id='word_1_275' title='bbox 206 3834 381 3912; x_wconf 83' lang='lat' dir='ltr'>mveniunt‚</span> <span class='ocrx_word' id='word_1_276' title='bbox 400 3847 431 3899; x_wconf 91' lang='lat' dir='ltr'>et</span> <span class='ocrx_word' id='word_1_277' title='bbox 446 3836 481 3900; x_wconf 93' lang='lat' dir='ltr'>in</span> <span class='ocrx_word' id='word_1_278' title='bbox 497 3835 546 3899; x_wconf 93' lang='lat' dir='ltr'>his</span> <span class='ocrx_word' id='word_1_279' title='bbox 563 3836 720 3919; x_wconf 87' lang='lat' dir='ltr'>quaedam</span> <span class='ocrx_word' id='word_1_280' title='bbox 737 3772 832 3900; x_wconf 72' lang='lat' dir='ltr'>modo</span> <span class='ocrx_word' id='word_1_281' title='bbox 850 3845 962 3919; x_wconf 87' lang='lat' dir='ltr'>coepta</span> <span class='ocrx_word' id='word_1_282' title='bbox 979 3836 1038 3900; x_wconf 93' lang='lat' dir='ltr'>sub</span> <span class='ocrx_word' id='word_1_283' title='bbox 1056 3836 1160 3922; x_wconf 90' lang='lat' dir='ltr'>ipsum</span> 
     </span>
     <span class='ocr_line' id='line_1_43' title="bbox 206 3919 1046 4005; baseline 0.005 -22"><span class='ocrx_word' id='word_1_284' title='bbox 206 3919 358 3983; x_wconf 80' lang='lat' dir='ltr'>nascendi</span> <span class='ocrx_word' id='word_1_285' title='bbox 374 3921 525 4005; x_wconf 84' lang='lat' dir='ltr'>spatium,</span> <span class='ocrx_word' id='word_1_286' title='bbox 543 3920 699 4004; x_wconf 87' lang='lat' dir='ltr'>quaedam</span> <span class='ocrx_word' id='word_1_287' title='bbox 716 3920 901 4005; x_wconf 88' lang='lat' dir='ltr'>imperfecta</span> <span class='ocrx_word' id='word_1_288' title='bbox 918 3920 1046 4005; x_wconf 88' lang='lat' dir='ltr'>suisque</span> 
     </span>
    </p>
   </div>
   <div class='ocr_carea' id='block_1_3' title="bbox 169 4004 1104 4181">
    <p class='ocr_par' dir='ltr' id='par_1_13' title="bbox 65 4004 1104 4181">
     <span class='ocr_line' id='line_1_44' title="bbox 206 4004 1104 4093; baseline 0.005 -24.321"><span class='ocrx_word' id='word_1_289' title='bbox 206 4014 320 4069; x_wconf 83' lang='lat' dir='ltr'>trunca</span> <span class='ocrx_word' id='word_1_290' title='bbox 335 4004 446 4070; x_wconf 83' lang='lat' dir='ltr'>vident</span> <span class='ocrx_word' id='word_1_291' title='bbox 461 4007 615 4083; x_wconf 89' lang='lat' dir='ltr'>numeris,</span> <span class='ocrx_word' id='word_1_292' title='bbox 633 4015 665 4070; x_wconf 90' lang='lat' dir='ltr'>et</span> <span class='ocrx_word' id='word_1_293' title='bbox 683 4006 793 4071; x_wconf 89' lang='lat' dir='ltr'>eodem</span> <span class='ocrx_word' id='word_1_294' title='bbox 811 4006 992 4091; x_wconf 88' lang='lat' dir='ltr'>incorpore</span> <span class='ocrx_word' id='word_1_295' title='bbox 1011 4029 1104 4093; x_wconf 88' lang='lat' dir='ltr'>saepe</span> 
     </span>
     <span class='ocr_line' id='line_1_45' title="bbox 169 4088 1004 4181; baseline 0.002 -26.839"><span class='ocrx_word' id='word_1_296' title='bbox 169 4124 172 4131; x_wconf 96' lang='lat'>·</span> <span class='ocrx_word' id='word_1_297' title='bbox 206 4088 397 4179; x_wconf 74' lang='lat' dir='ltr'>attempero</span> <span class='ocrx_word' id='word_1_298' title='bbox 414 4090 506 4173; x_wconf 85' lang='lat' dir='ltr'>vivit,</span> <span class='ocrx_word' id='word_1_299' title='bbox 523 4092 611 4159; x_wconf 76' lang='lat' dir='ltr'>rudIs</span> <span class='ocrx_word' id='word_1_300' title='bbox 629 4101 766 4181; x_wconf 84' lang='lat' dir='ltr'>estpars</span> <span class='ocrx_word' id='word_1_301' title='bbox 784 4091 883 4159; x_wconf 77' lang='lat' dir='ltr'>altera</span> <span class='ocrx_word' id='word_1_302' title='bbox 901 4092 1004 4157; x_wconf 84' lang='lat' dir='ltr'>tellus.</span> 
     </span>
    </p>
   </div>
   <div class='ocr_carea' id='block_1_4' title="bbox 0 0 1292 4478">
    <p class='ocr_par' dir='ltr' id='par_1_14' title="bbox 0 0 1292 4478">
     <span class='ocr_line' id='line_1_46' title="bbox 0 0 1292 4478; baseline 0 0"><span class='ocrx_word' id='word_1_303' title='bbox 0 0 1292 4478; x_wconf 95' lang='lat' dir='ltr'> </span> 
     </span>
    </p>
   </div>
  </div>
 </body>
</html>
