2574 4478
267 182 643 267 'raurauonrnosuou
659 210 732 265 nus.
749 210 801 267 xr.
820 211 947 267 52-139.
1060 195 1121 263 183

103 333 229 420 perbis
247 333 386 416 quinque
404 333 470 399 dies
488 344 519 397 et
535 334 657 397 iunctas
675 333 784 398 ordine
801 343 919 399 noctes.

104 432 137 486 et
155 420 218 487 iam
236 419 397 484 stellarum
415 418 548 483 sublime
566 429 712 503 coegerat
730 442 844 504 agmen

105 504 240 570 Lucifer
255 504 454 579 undecimus,
472 504 583 589 Lydos
601 525 674 569 cum
691 504 791 569 laetus
808 505 842 568 in
860 527 952 590 agros

103 614 163 655 rex
180 590 266 655 venit
282 600 312 654 et
329 588 437 654 iuveni
455 587 598 655 Silenum
614 589 718 654 reddit
735 590 872 654 alumno.
899 652 903 659 .

103 677 180 740 huic
198 675 275 739 deus
293 675 422 775 optandi
439 685 580 760 gratum,
598 675 654 739 sed
670 675 795 751 inutile,
813 675 888 740 fecit

104 760 246 825 muneris
263 759 442 837 arbitrium,
459 760 603 845 gaudens
620 760 719 826 altore
735 771 871 846 recepto.

101 848 172 923 ille,
189 846 271 909 male
288 868 403 910 usurus
421 844 524 921 donis,
542 846 586 910 ait
604 845 723 922 ‘effice,
740 846 891 929 quicquid

104 953 237 1016 corpore
254 929 425 1015 contigero,
442 930 566 995 fulvum
584 941 723 996 vertatur
738 931 772 995 in
789 931 921 998 aurum.'

104 1016 216 1080 adnuit
234 1017 347 1100 optatis
365 1015 570 1099 nocituraque
587 1039 719 1081 munera
735 1017 828 1081 solvit

102 1101 214 1177 Liber,
232 1112 263 1165 et
280 1101 427 1177 indoluit,
444 1102 531 1184 quod
547 1123 611 1166 non
627 1102 758 1167 meliora
774 1101 912 1186 petisset

102 1186 205 1250 laetus
224 1186 289 1250 abit
305 1186 487 1270 gaudetque
503 1186 587 1250 malo
605 1187 813 1272 Berecyntius
830 1187 937 1253 heros:

101 1271 297 1356 pollicitique
312 1271 409 1336 fidem
426 1272 585 1357 tangendo
604 1272 728 1357 singula
745 1283 887 1359 temptat.

101 1357 222 1441 vixque
240 1356 298 1420 sibi
317 1357 461 1433 credens,
478 1378 542 1421 non
560 1359 623 1422 alta
639 1357 752 1423 fronde
769 1358 922 1424 virentem

100 1442 174 1507 ilice
191 1442 325 1506 detraxit
343 1442 481 1527 virgam:
499 1443 590 1528 virga
607 1465 703 1508 aurea
720 1443 805 1508 facta
821 1455 879 1510 est.

101 1527 185 1592 tollit
202 1528 298 1592 humo
317 1550 443 1592 saxum:
463 1551 575 1592 saxum
591 1548 718 1612 quoque
735 1530 847 1613 palluit
864 1552 951 1595 auro.

101 1613 236 1698 contigit
252 1622 284 1677 et
300 1613 461 1698 glaebam:
480 1624 627 1678 contactu
643 1614 758 1698 glaeba
775 1616 896 1700 potenti

100 1720 207 1762 massa
223 1697 268 1761 fit.
313 1708 436 1763 arentes
455 1695 580 1763 Cereris
598 1700 754 1785 decerpsit
771 1701 895 1766 aristas:

100 1805 200 1848 aurea
216 1783 326 1847 messis
344 1794 421 1848 erat.
464 1784 628 1869 demptum
645 1796 731 1850 tenet
748 1786 860 1851 arbore
876 1809 1022 1873 pomum:

99 1868 297 1953 Hesperidas
315 1869 449 1932 donasse
466 1878 567 1953 putes.
611 1871 639 1934 si
655 1871 798 1955 postibus
816 1873 887 1936 altis

100 1953 242 2018 admovit
260 1952 390 2054 digitos,
408 1965 514 2039 postes
531 1955 654 2020 radiare
671 1957 827 2021 videntur.

99 2039 154 2104 illc
172 2038 266 2104 etiam
283 2038 409 2121 hquidis
426 2040 548 2124 palmas
565 2039 621 2104 ubi
638 2042 758 2106 laverat
774 2043 879 2120 undis,

99 2123 188 2188 unda
204 2123 305 2188 fluens
322 2124 435 2208 palmis
453 2123 588 2189 Danae'n
607 2126 733 2191 cludere
750 2138 865 2211 posset.

100 2208 155 2273 vix
173 2231 245 2295 spes
262 2208 331 2293 ipse
349 2232 421 2274 suas
440 2209 545 2274 animo
563 2211 661 2296 capit,
679 2234 775 2276 aurea
791 2212 915 2297 fingens

100 2294 216 2360 omnia.
259 2295 412 2380 gaudenti
428 2318 553 2359 mensas
571 2318 706 2381 posuere
723 2297 856 2361 ministri

100 2390 259 2445 extructas
277 2380 412 2466 dapibus
429 2402 489 2446 nec
506 2391 606 2445 tostae
623 2380 724 2467 frugis
742 2393 881 2467 egentes.

99 2478 169 2530 tum
186 2488 276 2543 vero,
295 2466 361 2531 sive
377 2465 430 2531 ille
448 2489 506 2530 sua
526 2463 670 2531 Cerealia
686 2468 798 2532 dextra

98 2573 232 2616 munera
249 2551 438 2651 contigerat,
457 2548 602 2616 Cerealia
619 2552 708 2640 dona
719 2553 879 2639 rigebantt

99 2637 166 2702 sive
183 2637 281 2722 dapes
299 2637 391 2702 audo
410 2638 585 2702 convellere
602 2637 695 2702 dente
712 2639 855 2724 parabat,

97 2721 250 2787 lammina
266 2721 355 2785 fulva
372 2723 483 2807 dapes,
501 2723 627 2787 admoto
646 2723 753 2800 dente,
771 2724 943 2808 premebat

98 2807 267 2871 miscuerat
283 2807 371 2892 puris
389 2818 548 2872 auctorem
565 2809 704 2874 muneris
721 2809 828 2875 undis:

97 2892 192 2956 fusile
210 2914 267 2977 per
282 2892 380 2957 rictus
398 2915 511 2957 aurum
527 2893 650 2958 fluitare
667 2895 801 2961 videres.

98 2978 250 3042 attonitus
267 2978 405 3042 novitate
423 2978 512 3055 mali,
530 2979 681 3063 divesque
699 2982 866 3064 miserque,

98 3063 241 3148 effugere
259 3074 347 3148 optat
364 3083 455 3148 opes,
472 3075 502 3128 et
520 3084 602 3146 quae
618 3065 713 3130 modo
730 3079 873 3144 voverat,
892 3068 967 3132 odit.

98 3148 191 3248 copia
207 3148 295 3212 nulla
311 3147 428 3213 famem
445 3151 578 3226 relevat,
597 3149 664 3215 sitis
682 3151 771 3216 arida
786 3163 897 3238 guttur

97 3244 176 3310 urrt,
195 3245 226 3297 et
243 3233 344 3298 inviso
362 3235 492 3299 meritus
510 3245 674 3318 torquetur
691 3236 731 3300 ab
750 3260 836 3302 auro.

97 3319 139 3382 ad
157 3318 342 3402 caelumque
359 3342 472 3383 manus
490 3329 521 3384 et
539 3320 703 3404 splendida
721 3322 867 3388 bracchia
884 3325 997 3390 tollens
1078 3375 1080 3378 ψ

98 3403 154 3466 ‘da
171 3403 311 3480 veniam,
329 3404 458 3470 Lenaee
475 3404 818 3506 paterlupeccavimusss
836 3409 938 3492 inquit

98 3487 169 3552 ‘sed
186 3487 347 3566 miserere,
364 3511 486 3575 precor,
505 3513 519 3554 s
543 3512 710 3574 eorosoque
728 3493 773 3558 eri
796 3516 813 3558 e
830 3495 965 3559 damno.’

97 3573 171 3638 mite
190 3573 285 3638 deum
302 3513 583 3641 numemBaccbus
601 3599 749 3662 peccasse
765 3515 916 3644 iitentem

96 3657 231 3721 restituit
248 3659 395 3742 pactique
412 3659 474 3722 fide
493 3660 565 3723 data
583 3683 714 3724 munera
732 3663 834 3729 solvit.

97 3750 191 3809 ‘neve
208 3744 291 3809 male
308 3756 415 3829 optato
432 3767 560 3810 maneas
578 3745 771 3812 circumlitus
788 3770 875 3824 auro,

96 3828 191 3894 vade’
210 3830 254 3894 ait
272 3830 327 3893 ‘ad
344 3831 467 3915 magnis
484 3830 624 3896 vicinum
642 3831 796 3898 Sardibus
813 3856 948 3915 amnem,

91 3935 214 3997 ‚perque
231 3914 341 4000 iugum
364 3917 467 3982 nitens
489 3915 669 3982 labentibus
687 3918 800 3983 obvius
817 3920 910 3985 undis

96 4020 189 4086 carpe
207 4000 306 4077 viam,
324 4001 424 4068 donec
440 4002 548 4068 venias
566 4003 608 4069 ad
624 4003 761 4069 fluminis
779 4015 875 4071 ortus.
