<?xml version="1.0" encoding="UTF-8"?>
<!DOCTYPE html PUBLIC "-//W3C//DTD XHTML 1.0 Transitional//EN"
    "http://www.w3.org/TR/xhtml1/DTD/xhtml1-transitional.dtd">
<html xmlns="http://www.w3.org/1999/xhtml" xml:lang="en" lang="en">
 <head>
  <title>
</title>
<meta http-equiv="Content-Type" content="text/html;charset=utf-8" />
  <meta name='ocr-system' content='tesseract 3.04.00' />
  <meta name='ocr-capabilities' content='ocr_page ocr_carea ocr_par ocr_line ocrx_word'/>
</head>
<body>
  <div class='ocr_page' id='page_1' title='image "./carmina03ovidgoog_0284.png"; bbox 0 0 2574 4478; ppageno 0'>
   <div class='ocr_carea' id='block_1_1' title="bbox 246 217 1115 296">
    <p class='ocr_par' dir='ltr' id='par_1_1' title="bbox 246 217 1115 296">
     <span class='ocr_line' id='line_1_1' title="bbox 246 217 1115 296; baseline -0.014 -4"><span class='ocrx_word' id='word_1_1' title='bbox 246 237 611 296; x_wconf 84' lang='lat' dir='ltr'>METAMORPHOSEON</span> <span class='ocrx_word' id='word_1_2' title='bbox 627 238 700 292; x_wconf 86' lang='lat' dir='ltr'>LIB.</span> <span class='ocrx_word' id='word_1_3' title='bbox 718 235 799 290; x_wconf 91' lang='lat' dir='ltr'>XIII.</span> <span class='ocrx_word' id='word_1_4' title='bbox 817 234 961 290; x_wconf 71' lang='lat' dir='ltr'>ott-tea.</span> <span class='ocrx_word' id='word_1_5' title='bbox 1053 217 1115 282; x_wconf 78' lang='grc'>229</span> 
     </span>
    </p>
   </div>
   <div class='ocr_carea' id='block_1_2' title="bbox 95 359 1272 4123">
    <p class='ocr_par' dir='ltr' id='par_1_2' title="bbox 95 359 1272 4123">
     <span class='ocr_line' id='line_1_2' title="bbox 96 359 788 437; baseline -0.007 -9"><span class='ocrx_word' id='word_1_6' title='bbox 96 383 169 428; x_wconf 88' lang='lat' dir='ltr'>ecce</span> <span class='ocrx_word' id='word_1_7' title='bbox 188 360 264 426; x_wconf 82' lang='lat' dir='ltr'>facit</span> <span class='ocrx_word' id='word_1_8' title='bbox 281 361 393 427; x_wconf 91' lang='lat' dir='ltr'>mediis</span> <span class='ocrx_word' id='word_1_9' title='bbox 409 371 500 427; x_wconf 85' lang='lat' dir='ltr'>natas</span> <span class='ocrx_word' id='word_1_10' title='bbox 519 359 640 427; x_wconf 88' lang='lat' dir='ltr'>Orione</span> <span class='ocrx_word' id='word_1_11' title='bbox 657 359 788 437; x_wconf 86' lang='lat' dir='ltr'>Thebis,</span> 
     </span>
     <span class='ocr_line' id='line_1_3' title="bbox 97 443 918 530; baseline -0.004 -18"><span class='ocrx_word' id='word_1_12' title='bbox 97 448 157 512; x_wconf 89' lang='lat' dir='ltr'>hac</span> <span class='ocrx_word' id='word_1_13' title='bbox 174 469 239 510; x_wconf 92' lang='lat' dir='ltr'>non</span> <span class='ocrx_word' id='word_1_14' title='bbox 256 447 427 510; x_wconf 88' lang='lat' dir='ltr'>femineum</span> <span class='ocrx_word' id='word_1_15' title='bbox 445 444 554 529; x_wconf 91' lang='lat' dir='ltr'>iugulo</span> <span class='ocrx_word' id='word_1_16' title='bbox 573 443 647 508; x_wconf 92' lang='lat' dir='ltr'>dare</span> <span class='ocrx_word' id='word_1_17' title='bbox 664 446 779 509; x_wconf 92' lang='lat' dir='ltr'>vulnus</span> <span class='ocrx_word' id='word_1_18' title='bbox 797 454 918 530; x_wconf 88' lang='lat' dir='ltr'>aperto,</span> 
     </span>
     <span class='ocr_line' id='line_1_4' title="bbox 96 530 752 616; baseline -0.002 -20"><span class='ocrx_word' id='word_1_19' title='bbox 96 533 170 598; x_wconf 88' lang='lat' dir='ltr'>illac</span> <span class='ocrx_word' id='word_1_20' title='bbox 188 533 329 598; x_wconf 89' lang='lat' dir='ltr'>demisso</span> <span class='ocrx_word' id='word_1_21' title='bbox 340 554 397 616; x_wconf 93' lang='lat' dir='ltr'>per</span> <span class='ocrx_word' id='word_1_22' title='bbox 414 531 525 595; x_wconf 88' lang='lat' dir='ltr'>inertia</span> <span class='ocrx_word' id='word_1_23' title='bbox 542 530 672 594; x_wconf 84' lang='lat' dir='ltr'>vulnere</span> <span class='ocrx_word' id='word_1_24' title='bbox 689 531 752 595; x_wconf 89' lang='lat' dir='ltr'>tela</span> 
     </span>
     <span class='ocr_line' id='line_1_5' title="bbox 95 613 956 705; baseline -0.006 -22"><span class='ocrx_word' id='word_1_25' title='bbox 95 641 153 705; x_wconf 91' lang='lat' dir='ltr'>pro</span> <span class='ocrx_word' id='word_1_26' title='bbox 171 618 290 703; x_wconf 92' lang='lat' dir='ltr'>populo</span> <span class='ocrx_word' id='word_1_27' title='bbox 308 616 458 683; x_wconf 90' lang='lat' dir='ltr'>cecidisse</span> <span class='ocrx_word' id='word_1_28' title='bbox 476 615 753 702; x_wconf 68' lang='lat' dir='ltr'>suo&#39;pulchrisque</span> <span class='ocrx_word' id='word_1_29' title='bbox 770 636 828 700; x_wconf 91' lang='lat' dir='ltr'>per</span> <span class='ocrx_word' id='word_1_30' title='bbox 844 613 956 679; x_wconf 92' lang='lat' dir='ltr'>urbem</span> 
     </span>
     <span class='ocr_line' id='line_1_6' title="bbox 95 699 865 786; baseline -0.009 -17"><span class='ocrx_word' id='word_1_31' title='bbox 95 703 260 770; x_wconf 82' lang='lat' dir='ltr'><strong>funeribus</strong></span> <span class='ocrx_word' id='word_1_32' title='bbox 278 702 354 768; x_wconf 85' lang='lat' dir='ltr'>ferri</span> <span class='ocrx_word' id='word_1_33' title='bbox 371 703 549 785; x_wconf 85' lang='lat' dir='ltr'>celebrique</span> <span class='ocrx_word' id='word_1_34' title='bbox 566 702 599 766; x_wconf 91' lang='lat' dir='ltr'>in</span> <span class='ocrx_word' id='word_1_35' title='bbox 616 712 706 786; x_wconf 91' lang='lat' dir='ltr'>parte</span> <span class='ocrx_word' id='word_1_36' title='bbox 724 699 865 766; x_wconf 90' lang='lat' dir='ltr'>cremari.</span> 
     </span>
     <span class='ocr_line' id='line_1_7' title="bbox 95 785 782 874; baseline -0.004 -21"><span class='ocrx_word' id='word_1_37' title='bbox 95 802 164 853; x_wconf 92' lang='lat' dir='ltr'>tum</span> <span class='ocrx_word' id='word_1_38' title='bbox 182 789 223 853; x_wconf 89' lang='lat' dir='ltr'>de</span> <span class='ocrx_word' id='word_1_39' title='bbox 240 788 383 874; x_wconf 89' lang='lat' dir='ltr'>virginea</span> <span class='ocrx_word' id='word_1_40' title='bbox 399 787 542 874; x_wconf 90' lang='lat' dir='ltr'>geminos</span> <span class='ocrx_word' id='word_1_41' title='bbox 561 787 646 852; x_wconf 86' lang='lat' dir='ltr'>exire</span> <span class='ocrx_word' id='word_1_42' title='bbox 663 785 782 862; x_wconf 86' lang='lat' dir='ltr'>favilla,</span> 
     </span>
     <span class='ocr_line' id='line_1_8' title="bbox 95 867 944 959; baseline -0.006 -19"><span class='ocrx_word' id='word_1_43' title='bbox 95 897 136 940; x_wconf 90' lang='lat' dir='ltr'>ne</span> <span class='ocrx_word' id='word_1_44' title='bbox 154 897 256 959; x_wconf 87' lang='lat' dir='ltr'>genus</span> <span class='ocrx_word' id='word_1_45' title='bbox 274 874 420 948; x_wconf 90' lang='lat' dir='ltr'>intereat,</span> <span class='ocrx_word' id='word_1_46' title='bbox 437 874 582 949; x_wconf 90' lang='lat' dir='ltr'>iuvenes,</span> <span class='ocrx_word' id='word_1_47' title='bbox 600 894 679 956; x_wconf 93' lang='lat' dir='ltr'>quos</span> <span class='ocrx_word' id='word_1_48' title='bbox 696 871 783 936; x_wconf 86' lang='lat' dir='ltr'>fama</span> <span class='ocrx_word' id='word_1_49' title='bbox 801 867 944 935; x_wconf 83' lang='lat' dir='ltr'>Coronas</span> 
     </span>
     <span class='ocr_line' id='line_1_9' title="bbox 96 958 887 1042; baseline -0.008 -17"><span class='ocrx_word' id='word_1_50' title='bbox 96 961 255 1034; x_wconf 89' lang='lat' dir='ltr'>nominat,</span> <span class='ocrx_word' id='word_1_51' title='bbox 273 970 304 1023; x_wconf 91' lang='lat' dir='ltr'>et</span> <span class='ocrx_word' id='word_1_52' title='bbox 322 958 419 1024; x_wconf 90' lang='lat' dir='ltr'>cineri</span> <span class='ocrx_word' id='word_1_53' title='bbox 435 969 577 1023; x_wconf 89' lang='lat' dir='ltr'>materno</span> <span class='ocrx_word' id='word_1_54' title='bbox 596 959 711 1023; x_wconf 91' lang='lat' dir='ltr'>ducere</span> <span class='ocrx_word' id='word_1_55' title='bbox 728 978 887 1042; x_wconf 82' lang='lat' dir='ltr'><strong>pompam.</strong></span> 
     </span>
     <span class='ocr_line' id='line_1_10' title="bbox 95 1043 825 1130; baseline -0.005 -20"><span class='ocrx_word' id='word_1_56' title='bbox 95 1046 248 1110; x_wconf 90' lang='lat' dir='ltr'>hactenus</span> <span class='ocrx_word' id='word_1_57' title='bbox 267 1044 396 1128; x_wconf 87' lang='lat' dir='ltr'>antiquo</span> <span class='ocrx_word' id='word_1_58' title='bbox 413 1043 511 1129; x_wconf 88' lang='lat' dir='ltr'>signis</span> <span class='ocrx_word' id='word_1_59' title='bbox 528 1043 725 1130; x_wconf 85' lang='lat' dir='ltr'>fulgentibus</span> <span class='ocrx_word' id='word_1_60' title='bbox 742 1064 825 1118; x_wconf 90' lang='lat' dir='ltr'>aere,</span> 
     </span>
     <span class='ocr_line' id='line_1_11' title="bbox 97 1126 875 1215; baseline -0.006 -20"><span class='ocrx_word' id='word_1_61' title='bbox 97 1152 240 1195; x_wconf 90' lang='lat' dir='ltr'>summus</span> <span class='ocrx_word' id='word_1_62' title='bbox 257 1129 401 1194; x_wconf 90' lang='lat' dir='ltr'>inaurato</span> <span class='ocrx_word' id='word_1_63' title='bbox 419 1139 520 1195; x_wconf 82' lang='lat' dir='ltr'>crater</span> <span class='ocrx_word' id='word_1_64' title='bbox 537 1140 605 1195; x_wconf 89' lang='lat' dir='ltr'>erat</span> <span class='ocrx_word' id='word_1_65' title='bbox 622 1151 714 1215; x_wconf 80' lang='lat' dir='ltr'>asper</span> <span class='ocrx_word' id='word_1_66' title='bbox 731 1126 875 1192; x_wconf 79' lang='lat' dir='ltr'><strong>acantho.</strong></span> 
     </span>
     <span class='ocr_line' id='line_1_12' title="bbox 97 1213 829 1288; baseline -0.003 -8"><span class='ocrx_word' id='word_1_67' title='bbox 97 1238 156 1281; x_wconf 88' lang='lat' dir='ltr'>nec</span> <span class='ocrx_word' id='word_1_68' title='bbox 173 1215 293 1280; x_wconf 91' lang='lat' dir='ltr'>leviora</span> <span class='ocrx_word' id='word_1_69' title='bbox 309 1215 391 1280; x_wconf 89' lang='lat' dir='ltr'>datis</span> <span class='ocrx_word' id='word_1_70' title='bbox 409 1214 539 1279; x_wconf 87' lang='lat' dir='ltr'>Troiani</span> <span class='ocrx_word' id='word_1_71' title='bbox 557 1215 640 1280; x_wconf 92' lang='lat' dir='ltr'>dona</span> <span class='ocrx_word' id='word_1_72' title='bbox 656 1213 829 1288; x_wconf 89' lang='lat' dir='ltr'>remittunt,</span> 
     </span>
     <span class='ocr_line' id='line_1_13' title="bbox 98 1299 854 1384; baseline -0.004 -19"><span class='ocrx_word' id='word_1_73' title='bbox 98 1302 237 1384; x_wconf 84' lang='lat' dir='ltr'>dantque</span> <span class='ocrx_word' id='word_1_74' title='bbox 256 1299 411 1366; x_wconf 90' lang='lat' dir='ltr'>sacerdoti</span> <span class='ocrx_word' id='word_1_75' title='bbox 428 1301 592 1365; x_wconf 80' lang='lat' dir='ltr'>custodem</span> <span class='ocrx_word' id='word_1_76' title='bbox 609 1299 686 1364; x_wconf 90' lang='lat' dir='ltr'>turis</span> <span class='ocrx_word' id='word_1_77' title='bbox 704 1320 854 1374; x_wconf 82' lang='lat' dir='ltr'>acerram,</span> 
     </span>
     <span class='ocr_line' id='line_1_14' title="bbox 98 1385 1016 1471; baseline -0.005 -20"><span class='ocrx_word' id='word_1_78' title='bbox 98 1388 175 1451; x_wconf 90' lang='lat' dir='ltr'>dant</span> <span class='ocrx_word' id='word_1_79' title='bbox 192 1396 333 1471; x_wconf 88' lang='lat' dir='ltr'>pateram</span> <span class='ocrx_word' id='word_1_80' title='bbox 351 1386 531 1468; x_wconf 88' lang='lat' dir='ltr'>claramque</span> <span class='ocrx_word' id='word_1_81' title='bbox 549 1407 626 1450; x_wconf 89' lang='lat' dir='ltr'>auro</span> <span class='ocrx_word' id='word_1_82' title='bbox 643 1385 839 1470; x_wconf 91' lang='lat' dir='ltr'>gemmisque</span> <span class='ocrx_word' id='word_1_83' title='bbox 858 1405 1016 1448; x_wconf 87' lang='lat' dir='ltr'>coronam.</span> 
     </span>
     <span class='ocr_line' id='line_1_15' title="bbox 139 1469 894 1555; baseline -0.005 -19"><span class='ocrx_word' id='word_1_84' title='bbox 139 1471 220 1536; x_wconf 89' lang='lat' dir='ltr'>Inde</span> <span class='ocrx_word' id='word_1_85' title='bbox 237 1471 392 1536; x_wconf 91' lang='lat' dir='ltr'>recordati</span> <span class='ocrx_word' id='word_1_86' title='bbox 409 1472 552 1536; x_wconf 87' lang='lat' dir='ltr'>Teucros</span> <span class='ocrx_word' id='word_1_87' title='bbox 569 1493 589 1534; x_wconf 90' lang='lat' dir='ltr'>a</span> <span class='ocrx_word' id='word_1_88' title='bbox 606 1470 760 1555; x_wconf 85' lang='lat' dir='ltr'>sanguine</span> <span class='ocrx_word' id='word_1_89' title='bbox 777 1469 894 1534; x_wconf 86' lang='lat' dir='ltr'>Teucri</span> 
     </span>
     <span class='ocr_line' id='line_1_16' title="bbox 98 1553 906 1643; baseline -0.005 -21"><span class='ocrx_word' id='word_1_90' title='bbox 98 1559 213 1622; x_wconf 87' lang='lat' dir='ltr'>ducere</span> <span class='ocrx_word' id='word_1_91' title='bbox 231 1556 435 1643; x_wconf 89' lang='lat' dir='ltr'>principium,</span> <span class='ocrx_word' id='word_1_92' title='bbox 454 1553 583 1621; x_wconf 83' lang='lat' dir='ltr'>Cretam</span> <span class='ocrx_word' id='word_1_93' title='bbox 600 1566 739 1621; x_wconf 88' lang='lat' dir='ltr'>tenuere.</span> <span class='ocrx_word' id='word_1_94' title='bbox 782 1555 906 1638; x_wconf 87' lang='lat' dir='ltr'>locique</span> 
     </span>
     <span class='ocr_line' id='line_1_17' title="bbox 98 1639 905 1725; baseline -0.006 -17"><span class='ocrx_word' id='word_1_95' title='bbox 98 1644 181 1708; x_wconf 88' lang='lat' dir='ltr'>ferre</span> <span class='ocrx_word' id='word_1_96' title='bbox 199 1642 254 1707; x_wconf 91' lang='lat' dir='ltr'>diu</span> <span class='ocrx_word' id='word_1_97' title='bbox 272 1641 421 1725; x_wconf 90' lang='lat' dir='ltr'>nequiere</span> <span class='ocrx_word' id='word_1_98' title='bbox 438 1642 563 1717; x_wconf 92' lang='lat' dir='ltr'>Iovem,</span> <span class='ocrx_word' id='word_1_99' title='bbox 583 1652 772 1724; x_wconf 88' lang='lat' dir='ltr'>centumque</span> <span class='ocrx_word' id='word_1_100' title='bbox 789 1639 905 1705; x_wconf 87' lang='lat' dir='ltr'>relictis</span> 
     </span>
     <span class='ocr_line' id='line_1_18' title="bbox 98 1727 873 1813; baseline -0.005 -21"><span class='ocrx_word' id='word_1_101' title='bbox 98 1728 231 1793; x_wconf 90' lang='lat' dir='ltr'>urbibus</span> <span class='ocrx_word' id='word_1_102' title='bbox 248 1727 409 1791; x_wconf 88' lang='lat' dir='ltr'>Ausonios</span> <span class='ocrx_word' id='word_1_103' title='bbox 427 1737 537 1813; x_wconf 89' lang='lat' dir='ltr'>optant</span> <span class='ocrx_word' id='word_1_104' title='bbox 555 1727 737 1812; x_wconf 90' lang='lat' dir='ltr'>contingere</span> <span class='ocrx_word' id='word_1_105' title='bbox 754 1736 873 1811; x_wconf 89' lang='lat' dir='ltr'>portus.</span> 
     </span>
     <span class='ocr_line' id='line_1_19' title="bbox 100 1811 1067 1895; baseline -0.005 -17"><span class='ocrx_word' id='word_1_106' title='bbox 100 1812 200 1878; x_wconf 88' lang='lat' dir='ltr'>saevit</span> <span class='ocrx_word' id='word_1_107' title='bbox 217 1812 318 1877; x_wconf 86' lang='lat' dir='ltr'>hiems</span> <span class='ocrx_word' id='word_1_108' title='bbox 336 1813 494 1895; x_wconf 89' lang='lat' dir='ltr'>iactatque</span> <span class='ocrx_word' id='word_1_109' title='bbox 512 1812 610 1889; x_wconf 84' lang='lat' dir='ltr'>viros3</span> <span class='ocrx_word' id='word_1_110' title='bbox 629 1811 702 1878; x_wconf 86' lang='lat' dir='ltr'>Stro</span> <span class='ocrx_word' id='word_1_111' title='bbox 726 1812 907 1894; x_wconf 91' lang='lat' dir='ltr'>hadumque</span> <span class='ocrx_word' id='word_1_112' title='bbox 924 1819 1067 1894; x_wconf 89' lang='lat' dir='ltr'>receptos</span> 
     </span>
     <span class='ocr_line' id='line_1_20' title="bbox 98 1835 747 1984; baseline -0.006 -21"><span class='ocrx_word' id='word_1_113' title='bbox 98 1899 252 1984; x_wconf 91' lang='lat' dir='ltr'>portubus</span> <span class='ocrx_word' id='word_1_114' title='bbox 269 1897 374 1962; x_wconf 89' lang='lat' dir='ltr'>infidis</span> <span class='ocrx_word' id='word_1_115' title='bbox 392 1898 543 1962; x_wconf 83' lang='lat' dir='ltr'>exterruit</span> <span class='ocrx_word' id='word_1_116' title='bbox 560 1897 625 1962; x_wconf 86' lang='lat' dir='ltr'>ales</span> <span class='ocrx_word' id='word_1_117' title='bbox 643 1835 747 1962; x_wconf 78' lang='lat' dir='ltr'>Aello.</span> 
     </span>
     <span class='ocr_line' id='line_1_21' title="bbox 99 1981 949 2068; baseline -0.006 -19"><span class='ocrx_word' id='word_1_118' title='bbox 99 1994 131 2050; x_wconf 92' lang='lat' dir='ltr'>et</span> <span class='ocrx_word' id='word_1_119' title='bbox 147 1984 211 2047; x_wconf 89' lang='lat' dir='ltr'>iam</span> <span class='ocrx_word' id='word_1_120' title='bbox 229 1983 396 2047; x_wconf 89' lang='lat' dir='ltr'>Dulichios</span> <span class='ocrx_word' id='word_1_121' title='bbox 414 1994 523 2068; x_wconf 87' lang='lat' dir='ltr'>portus</span> <span class='ocrx_word' id='word_1_122' title='bbox 540 1983 748 2067; x_wconf 84' lang='lat' dir='ltr'>Ithacamque</span> <span class='ocrx_word' id='word_1_123' title='bbox 766 1981 949 2064; x_wconf 86' lang='lat' dir='ltr'>Samonque</span> 
     </span>
     <span class='ocr_line' id='line_1_22' title="bbox 98 2066 866 2153; baseline -0.005 -20"><span class='ocrx_word' id='word_1_124' title='bbox 98 2068 299 2152; x_wconf 87' lang='lat' dir='ltr'>Neritiasque</span> <span class='ocrx_word' id='word_1_125' title='bbox 316 2069 443 2146; x_wconf 92' lang='lat' dir='ltr'>domus,</span> <span class='ocrx_word' id='word_1_126' title='bbox 460 2090 595 2153; x_wconf 89' lang='lat' dir='ltr'>regnum</span> <span class='ocrx_word' id='word_1_127' title='bbox 613 2068 734 2133; x_wconf 87' lang='lat' dir='ltr'>fallacis</span> <span class='ocrx_word' id='word_1_128' title='bbox 751 2066 866 2142; x_wconf 89' lang='lat' dir='ltr'>Ulixis,</span> 
     </span>
     <span class='ocr_line' id='line_1_23' title="bbox 99 2153 831 2241; baseline -0.007 -21"><span class='ocrx_word' id='word_1_129' title='bbox 99 2165 223 2241; x_wconf 88' lang='lat' dir='ltr'>praeter</span> <span class='ocrx_word' id='word_1_130' title='bbox 240 2165 330 2218; x_wconf 89' lang='lat' dir='ltr'>erant</span> <span class='ocrx_word' id='word_1_131' title='bbox 347 2154 442 2218; x_wconf 89' lang='lat' dir='ltr'>vecti:</span> <span class='ocrx_word' id='word_1_132' title='bbox 461 2164 612 2218; x_wconf 86' lang='lat' dir='ltr'>certatam</span> <span class='ocrx_word' id='word_1_133' title='bbox 629 2154 683 2218; x_wconf 92' lang='lat' dir='ltr'>lite</span> <span class='ocrx_word' id='word_1_134' title='bbox 700 2153 831 2218; x_wconf 89' lang='lat' dir='ltr'>deorum</span> 
     </span>
     <span class='ocr_line' id='line_1_24' title="bbox 98 2238 970 2322; baseline -0.005 -18"><span class='ocrx_word' id='word_1_135' title='bbox 98 2239 319 2316; x_wconf 89' lang='lat' dir='ltr'>Ambraciam,</span> <span class='ocrx_word' id='word_1_136' title='bbox 338 2239 483 2322; x_wconf 90' lang='lat' dir='ltr'>versique</span> <span class='ocrx_word' id='word_1_137' title='bbox 501 2239 609 2304; x_wconf 91' lang='lat' dir='ltr'>vident</span> <span class='ocrx_word' id='word_1_138' title='bbox 626 2239 686 2303; x_wconf 93' lang='lat' dir='ltr'>sub</span> <span class='ocrx_word' id='word_1_139' title='bbox 703 2238 841 2322; x_wconf 86' lang='lat' dir='ltr'>imagine</span> <span class='ocrx_word' id='word_1_140' title='bbox 859 2259 970 2301; x_wconf 86' lang='lat' dir='ltr'>saxum</span> 
     </span>
     <span class='ocr_line' id='line_1_25' title="bbox 98 2323 973 2409; baseline -0.005 -19"><span class='ocrx_word' id='word_1_141' title='bbox 98 2325 225 2401; x_wconf 88' lang='lat' dir='ltr'>iudicis,</span> <span class='ocrx_word' id='word_1_142' title='bbox 243 2325 378 2390; x_wconf 89' lang='lat' dir='ltr'>Actiaco</span> <span class='ocrx_word' id='word_1_143' title='bbox 396 2347 478 2408; x_wconf 90' lang='lat' dir='ltr'>quae</span> <span class='ocrx_word' id='word_1_144' title='bbox 495 2346 581 2389; x_wconf 89' lang='lat' dir='ltr'>nunc</span> <span class='ocrx_word' id='word_1_145' title='bbox 598 2324 638 2389; x_wconf 92' lang='lat' dir='ltr'>ab</span> <span class='ocrx_word' id='word_1_146' title='bbox 656 2323 806 2409; x_wconf 90' lang='lat' dir='ltr'>Apolline</span> <span class='ocrx_word' id='word_1_147' title='bbox 823 2333 899 2387; x_wconf 89' lang='lat' dir='ltr'>nota</span> <span class='ocrx_word' id='word_1_148' title='bbox 916 2333 973 2399; x_wconf 90' lang='lat' dir='ltr'>est,</span> 
     </span>
     <span class='ocr_line' id='line_1_26' title="bbox 99 2409 839 2494; baseline -0.005 -18"><span class='ocrx_word' id='word_1_149' title='bbox 99 2411 305 2494; x_wconf 90' lang='lat' dir='ltr'>vocalemque</span> <span class='ocrx_word' id='word_1_150' title='bbox 323 2434 381 2475; x_wconf 89' lang='lat' dir='ltr'>sua</span> <span class='ocrx_word' id='word_1_151' title='bbox 398 2421 514 2474; x_wconf 93' lang='lat' dir='ltr'>terram</span> <span class='ocrx_word' id='word_1_152' title='bbox 531 2409 703 2474; x_wconf 87' lang='lat' dir='ltr'>Dodonida</span> <span class='ocrx_word' id='word_1_153' title='bbox 720 2430 839 2492; x_wconf 90' lang='lat' dir='ltr'>quercu</span> 
     </span>
     <span class='ocr_line' id='line_1_27' title="bbox 100 2494 853 2580; baseline -0.005 -19"><span class='ocrx_word' id='word_1_154' title='bbox 100 2495 324 2578; x_wconf 86' lang='lat' dir='ltr'>Chaoniosque</span> <span class='ocrx_word' id='word_1_155' title='bbox 342 2497 443 2572; x_wconf 89' lang='lat' dir='ltr'>sinus,</span> <span class='ocrx_word' id='word_1_156' title='bbox 461 2495 518 2559; x_wconf 90' lang='lat' dir='ltr'>ubi</span> <span class='ocrx_word' id='word_1_157' title='bbox 534 2497 601 2560; x_wconf 90' lang='lat' dir='ltr'>nati</span> <span class='ocrx_word' id='word_1_158' title='bbox 617 2518 693 2580; x_wconf 90' lang='lat' dir='ltr'>rege</span> <span class='ocrx_word' id='word_1_159' title='bbox 710 2494 853 2558; x_wconf 92' lang='lat' dir='ltr'>Molosso</span> 
     </span>
     <span class='ocr_line' id='line_1_28' title="bbox 99 2580 793 2666; baseline -0.004 -20"><span class='ocrx_word' id='word_1_160' title='bbox 99 2583 143 2646; x_wconf 93' lang='lat' dir='ltr'>im</span> <span class='ocrx_word' id='word_1_161' title='bbox 165 2582 197 2645; x_wconf 90' lang='lat' dir='ltr'>ia</span> <span class='ocrx_word' id='word_1_162' title='bbox 214 2581 362 2646; x_wconf 88' lang='lat' dir='ltr'>subiectis</span> <span class='ocrx_word' id='word_1_163' title='bbox 380 2581 492 2666; x_wconf 85' lang='lat' dir='ltr'>fugere</span> <span class='ocrx_word' id='word_1_164' title='bbox 508 2581 654 2646; x_wconf 90' lang='lat' dir='ltr'>incendia</span> <span class='ocrx_word' id='word_1_165' title='bbox 671 2580 793 2666; x_wconf 87' lang='lat' dir='ltr'>pennis.</span> 
     </span>
     <span class='ocr_line' id='line_1_29' title="bbox 140 2606 894 2751; baseline -0.005 -19"><span class='ocrx_word' id='word_1_166' title='bbox 140 2606 293 2732; x_wconf 65' lang='lat' dir='ltr'>Proxima</span> <span class='ocrx_word' id='word_1_167' title='bbox 309 2666 493 2731; x_wconf 89' lang='lat' dir='ltr'>Phaeacum</span> <span class='ocrx_word' id='word_1_168' title='bbox 510 2666 655 2731; x_wconf 86' lang='lat' dir='ltr'>felicibus</span> <span class='ocrx_word' id='word_1_169' title='bbox 673 2665 775 2730; x_wconf 86' lang='lat' dir='ltr'>obsita</span> <span class='ocrx_word' id='word_1_170' title='bbox 792 2664 894 2751; x_wconf 85' lang='lat' dir='ltr'>pomis</span> 
     </span>
     <span class='ocr_line' id='line_1_30' title="bbox 99 2751 868 2837; baseline -0.005 -20"><span class='ocrx_word' id='word_1_171' title='bbox 99 2777 173 2817; x_wconf 88' lang='lat' dir='ltr'>rura</span> <span class='ocrx_word' id='word_1_172' title='bbox 190 2762 314 2837; x_wconf 85' lang='lat' dir='ltr'>petunt3</span> <span class='ocrx_word' id='word_1_173' title='bbox 333 2751 448 2836; x_wconf 84' lang='lat' dir='ltr'>Epiros</span> <span class='ocrx_word' id='word_1_174' title='bbox 466 2752 507 2816; x_wconf 90' lang='lat' dir='ltr'>ab</span> <span class='ocrx_word' id='word_1_175' title='bbox 524 2752 573 2816; x_wconf 93' lang='lat' dir='ltr'>his</span> <span class='ocrx_word' id='word_1_176' title='bbox 590 2762 785 2837; x_wconf 84' lang='lat' dir='ltr'>regnataque</span> <span class='ocrx_word' id='word_1_177' title='bbox 803 2751 868 2815; x_wconf 90' lang='lat' dir='ltr'>vati</span> 
     </span>
     <span class='ocr_line' id='line_1_31' title="bbox 99 2837 926 2923; baseline -0.004 -20"><span class='ocrx_word' id='word_1_178' title='bbox 99 2839 272 2903; x_wconf 90' lang='lat' dir='ltr'>Buthrotos</span> <span class='ocrx_word' id='word_1_179' title='bbox 289 2837 432 2923; x_wconf 86' lang='lat' dir='ltr'>Phrygio</span> <span class='ocrx_word' id='word_1_180' title='bbox 450 2837 660 2920; x_wconf 89' lang='lat' dir='ltr'>simulataque</span> <span class='ocrx_word' id='word_1_181' title='bbox 678 2837 775 2901; x_wconf 87' lang='lat' dir='ltr'>Troia</span> <span class='ocrx_word' id='word_1_182' title='bbox 791 2847 926 2902; x_wconf 85' lang='lat' dir='ltr'>tenetur.</span> 
     </span>
     <span class='ocr_line' id='line_1_32' title="bbox 98 2922 811 3005; baseline -0.003 -17"><span class='ocrx_word' id='word_1_183' title='bbox 98 2925 173 2988; x_wconf 91' lang='lat' dir='ltr'>inde</span> <span class='ocrx_word' id='word_1_184' title='bbox 191 2925 369 2987; x_wconf 88' lang='lat' dir='ltr'>futurorum</span> <span class='ocrx_word' id='word_1_185' title='bbox 387 2923 477 2998; x_wconf 90' lang='lat' dir='ltr'>certi,</span> <span class='ocrx_word' id='word_1_186' title='bbox 495 2944 577 3005; x_wconf 91' lang='lat' dir='ltr'>quae</span> <span class='ocrx_word' id='word_1_187' title='bbox 596 2933 709 2987; x_wconf 88' lang='lat' dir='ltr'>cuncta</span> <span class='ocrx_word' id='word_1_188' title='bbox 725 2922 811 2987; x_wconf 90' lang='lat' dir='ltr'>fideli</span> 
     </span>
     <span class='ocr_line' id='line_1_33' title="bbox 98 3007 942 3093; baseline -0.004 -19"><span class='ocrx_word' id='word_1_189' title='bbox 98 3009 276 3074; x_wconf 87' lang='lat' dir='ltr'>Priamides</span> <span class='ocrx_word' id='word_1_190' title='bbox 293 3008 438 3073; x_wconf 90' lang='lat' dir='ltr'>Helenus</span> <span class='ocrx_word' id='word_1_191' title='bbox 456 3007 576 3072; x_wconf 89' lang='lat' dir='ltr'>monitu</span> <span class='ocrx_word' id='word_1_192' title='bbox 594 3009 808 3093; x_wconf 77' lang='lat' dir='ltr'>praedixerat,</span> <span class='ocrx_word' id='word_1_193' title='bbox 825 3008 942 3072; x_wconf 88' lang='lat' dir='ltr'>intrant</span> 
     </span>
     <span class='ocr_line' id='line_1_34' title="bbox 101 3092 1003 3179; baseline -0.006 -18"><span class='ocrx_word' id='word_1_194' title='bbox 101 3094 270 3162; x_wconf 88' lang='lat' dir='ltr'>Sicaniam.</span> <span class='ocrx_word' id='word_1_195' title='bbox 314 3093 414 3157; x_wconf 89' lang='lat' dir='ltr'>tribus</span> <span class='ocrx_word' id='word_1_196' title='bbox 431 3092 510 3157; x_wconf 90' lang='lat' dir='ltr'>haec</span> <span class='ocrx_word' id='word_1_197' title='bbox 528 3093 665 3158; x_wconf 88' lang='lat' dir='ltr'>excurrit</span> <span class='ocrx_word' id='word_1_198' title='bbox 681 3093 714 3157; x_wconf 90' lang='lat' dir='ltr'>in</span> <span class='ocrx_word' id='word_1_199' title='bbox 732 3117 870 3178; x_wconf 89' lang='lat' dir='ltr'>aequora</span> <span class='ocrx_word' id='word_1_200' title='bbox 887 3092 1003 3179; x_wconf 90' lang='lat' dir='ltr'>pinnis:</span> 
     </span>
     <span class='ocr_line' id='line_1_35' title="bbox 99 3178 1017 3264; baseline -0.005 -18"><span class='ocrx_word' id='word_1_201' title='bbox 99 3204 117 3246; x_wconf 92' lang='lat' dir='ltr'>e</span> <span class='ocrx_word' id='word_1_202' title='bbox 135 3180 250 3262; x_wconf 88' lang='lat' dir='ltr'>quibus</span> <span class='ocrx_word' id='word_1_203' title='bbox 267 3179 444 3243; x_wconf 88' lang='lat' dir='ltr'>imbriferos</span> <span class='ocrx_word' id='word_1_204' title='bbox 462 3189 510 3243; x_wconf 91' lang='lat' dir='ltr'>est</span> <span class='ocrx_word' id='word_1_205' title='bbox 527 3201 619 3243; x_wconf 86' lang='lat' dir='ltr'>versa</span> <span class='ocrx_word' id='word_1_206' title='bbox 634 3178 804 3264; x_wconf 87' lang='lat' dir='ltr'>Pachynos</span> <span class='ocrx_word' id='word_1_207' title='bbox 822 3179 863 3243; x_wconf 91' lang='lat' dir='ltr'>ad</span> <span class='ocrx_word' id='word_1_208' title='bbox 880 3190 1017 3254; x_wconf 85' lang='lat' dir='ltr'>austros3</span> 
     </span>
     <span class='ocr_line' id='line_1_36' title="bbox 98 3263 1272 3350; baseline 0.003 -21"><span class='ocrx_word' id='word_1_209' title='bbox 98 3265 247 3330; x_wconf 88' lang='lat' dir='ltr'>mollibus</span> <span class='ocrx_word' id='word_1_210' title='bbox 266 3265 444 3349; x_wconf 89' lang='lat' dir='ltr'>expositum</span> <span class='ocrx_word' id='word_1_211' title='bbox 461 3263 608 3350; x_wconf 87' lang='lat' dir='ltr'>zephyris</span> <span class='ocrx_word' id='word_1_212' title='bbox 627 3264 820 3348; x_wconf 81' lang='lat' dir='ltr'>Lilybaeon3</span> <span class='ocrx_word' id='word_1_213' title='bbox 836 3265 878 3329; x_wconf 93' lang='lat' dir='ltr'>ad</span> <span class='ocrx_word' id='word_1_214' title='bbox 888 3263 1004 3328; x_wconf 84' lang='lat' dir='ltr'>Arctos</span> <span class='ocrx_word' id='word_1_215' title='bbox 1138 3282 1186 3333; x_wconf 79' lang='lat'>⁷25</span> <span class='ocrx_word' id='word_1_216' title='bbox 1270 3306 1272 3315; x_wconf 81' lang='lat'><em>=</em></span> 
     </span>
     <span class='ocr_line' id='line_1_37' title="bbox 99 3349 914 3450; baseline -0.005 -34"><span class='ocrx_word' id='word_1_217' title='bbox 99 3351 245 3434; x_wconf 89' lang='lat' dir='ltr'>aequoris</span> <span class='ocrx_word' id='word_1_218' title='bbox 263 3360 407 3434; x_wconf 89' lang='lat' dir='ltr'>expertes</span> <span class='ocrx_word' id='word_1_219' title='bbox 425 3360 546 3450; x_wconf 88' lang='lat' dir='ltr'>spectat</span> <span class='ocrx_word' id='word_1_220' title='bbox 562 3349 755 3434; x_wconf 90' lang='lat' dir='ltr'>boreamque</span> <span class='ocrx_word' id='word_1_221' title='bbox 772 3349 914 3414; x_wconf 91' lang='lat' dir='ltr'>Peloros.</span> 
     </span>
     <span class='ocr_line' id='line_1_38' title="bbox 98 3433 949 3519; baseline -0.005 -18"><span class='ocrx_word' id='word_1_222' title='bbox 98 3437 159 3501; x_wconf 91' lang='lat' dir='ltr'>hac</span> <span class='ocrx_word' id='word_1_223' title='bbox 177 3436 315 3500; x_wconf 88' lang='lat' dir='ltr'>subeunt</span> <span class='ocrx_word' id='word_1_224' title='bbox 331 3435 462 3511; x_wconf 80' lang='lat' dir='ltr'>Tenon,</span> <span class='ocrx_word' id='word_1_225' title='bbox 480 3446 512 3500; x_wconf 95' lang='lat' dir='ltr'>et</span> <span class='ocrx_word' id='word_1_226' title='bbox 528 3433 622 3500; x_wconf 88' lang='lat' dir='ltr'>remis</span> <span class='ocrx_word' id='word_1_227' title='bbox 641 3445 793 3519; x_wconf 89' lang='lat' dir='ltr'>aestuque</span> <span class='ocrx_word' id='word_1_228' title='bbox 811 3433 949 3501; x_wconf 91' lang='lat' dir='ltr'>secundo</span> 
     </span>
     <span class='ocr_line' id='line_1_39' title="bbox 99 3520 884 3605; baseline -0.005 -19"><span class='ocrx_word' id='word_1_229' title='bbox 99 3522 159 3586; x_wconf 91' lang='lat' dir='ltr'>sub</span> <span class='ocrx_word' id='word_1_230' title='bbox 176 3533 302 3587; x_wconf 88' lang='lat' dir='ltr'>noctem</span> <span class='ocrx_word' id='word_1_231' title='bbox 320 3520 439 3605; x_wconf 87' lang='lat' dir='ltr'>potitur</span> <span class='ocrx_word' id='word_1_232' title='bbox 457 3520 615 3585; x_wconf 89' lang='lat' dir='ltr'>Zanclaea</span> <span class='ocrx_word' id='word_1_233' title='bbox 632 3521 740 3585; x_wconf 87' lang='lat' dir='ltr'>classis</span> <span class='ocrx_word' id='word_1_234' title='bbox 758 3521 884 3586; x_wconf 85' lang='lat' dir='ltr'>harena.</span> 
     </span>
     <span class='ocr_line' id='line_1_40' title="bbox 99 3603 1021 3691; baseline -0.002 -19"><span class='ocrx_word' id='word_1_235' title='bbox 99 3608 210 3691; x_wconf 86' lang='lat' dir='ltr'>Scylla</span> <span class='ocrx_word' id='word_1_236' title='bbox 226 3607 309 3670; x_wconf 92' lang='lat' dir='ltr'>latus</span> <span class='ocrx_word' id='word_1_237' title='bbox 327 3607 488 3682; x_wconf 85' lang='lat' dir='ltr'>dextrum,</span> <span class='ocrx_word' id='word_1_238' title='bbox 506 3606 632 3671; x_wconf 91' lang='lat' dir='ltr'>laevum</span> <span class='ocrx_word' id='word_1_239' title='bbox 648 3606 824 3689; x_wconf 89' lang='lat' dir='ltr'>inrequieta</span> <span class='ocrx_word' id='word_1_240' title='bbox 842 3603 1021 3689; x_wconf 86' lang='lat' dir='ltr'>Charybdis</span> 
     </span>
     <span class='ocr_line' id='line_1_41' title="bbox 96 3691 1170 3777; baseline 0.003 -20"><span class='ocrx_word' id='word_1_241' title='bbox 96 3693 235 3757; x_wconf 87' lang='lat' dir='ltr'>infestat.</span> <span class='ocrx_word' id='word_1_242' title='bbox 280 3702 370 3756; x_wconf 90' lang='lat' dir='ltr'>vorat</span> <span class='ocrx_word' id='word_1_243' title='bbox 386 3691 465 3756; x_wconf 92' lang='lat' dir='ltr'>haec</span> <span class='ocrx_word' id='word_1_244' title='bbox 482 3701 589 3777; x_wconf 84' lang='lat' dir='ltr'>raptas</span> <span class='ocrx_word' id='word_1_245' title='bbox 606 3691 803 3775; x_wconf 88' lang='lat' dir='ltr'>revomitque</span> <span class='ocrx_word' id='word_1_246' title='bbox 821 3691 956 3757; x_wconf 86' lang='lat' dir='ltr'>carinas:</span> <span class='ocrx_word' id='word_1_247' title='bbox 1120 3713 1170 3762; x_wconf 82' lang='lat'>730</span> 
     </span>
     <span class='ocr_line' id='line_1_42' title="bbox 97 3776 1186 3863; baseline 0.005 -21"><span class='ocrx_word' id='word_1_248' title='bbox 97 3779 153 3843; x_wconf 87' lang='lat' dir='ltr'>illa</span> <span class='ocrx_word' id='word_1_249' title='bbox 170 3777 245 3842; x_wconf 83' lang='lat' dir='ltr'>feris</span> <span class='ocrx_word' id='word_1_250' title='bbox 263 3788 364 3841; x_wconf 89' lang='lat' dir='ltr'>atram</span> <span class='ocrx_word' id='word_1_251' title='bbox 382 3777 512 3843; x_wconf 88' lang='lat' dir='ltr'>canibus</span> <span class='ocrx_word' id='word_1_252' title='bbox 531 3776 725 3863; x_wconf 87' lang='lat' dir='ltr'>succingitur</span> <span class='ocrx_word' id='word_1_253' title='bbox 742 3778 859 3855; x_wconf 90' lang='lat' dir='ltr'>alvum,</span> <span class='ocrx_word' id='word_1_254' title='bbox 1068 3795 1186 3863; x_wconf 79' lang='lat' dir='ltr'>(Scylla.)</span> 
     </span>
     <span class='ocr_line' id='line_1_43' title="bbox 97 3862 851 3948; baseline 0.003 -22"><span class='ocrx_word' id='word_1_255' title='bbox 97 3864 230 3948; x_wconf 84' lang='lat' dir='ltr'>virginis</span> <span class='ocrx_word' id='word_1_256' title='bbox 248 3886 303 3927; x_wconf 89' lang='lat' dir='ltr'>ora</span> <span class='ocrx_word' id='word_1_257' title='bbox 320 3886 433 3948; x_wconf 88' lang='lat' dir='ltr'>gerens</span> <span class='ocrx_word' id='word_1_258' title='bbox 452 3874 498 3939; x_wconf 92' lang='lat' dir='ltr'>et,</span> <span class='ocrx_word' id='word_1_259' title='bbox 516 3863 543 3927; x_wconf 87' lang='lat' dir='ltr'>si</span> <span class='ocrx_word' id='word_1_260' title='bbox 560 3885 624 3927; x_wconf 93' lang='lat' dir='ltr'>non</span> <span class='ocrx_word' id='word_1_261' title='bbox 641 3862 747 3927; x_wconf 89' lang='lat' dir='ltr'>omnia</span> <span class='ocrx_word' id='word_1_262' title='bbox 764 3872 851 3928; x_wconf 87' lang='lat' dir='ltr'>vates</span> 
     </span>
     <span class='ocr_line' id='line_1_44' title="bbox 96 3949 940 4036; baseline 0.001 -22"><span class='ocrx_word' id='word_1_263' title='bbox 96 3950 172 4014; x_wconf 91' lang='lat' dir='ltr'>ficta</span> <span class='ocrx_word' id='word_1_264' title='bbox 188 3949 397 4032; x_wconf 90' lang='lat' dir='ltr'>reliquerunt,</span> <span class='ocrx_word' id='word_1_265' title='bbox 415 3949 521 4032; x_wconf 90' lang='lat' dir='ltr'>aliquo</span> <span class='ocrx_word' id='word_1_266' title='bbox 537 3970 664 4033; x_wconf 92' lang='lat' dir='ltr'>quoque</span> <span class='ocrx_word' id='word_1_267' title='bbox 682 3959 823 4034; x_wconf 88' lang='lat' dir='ltr'>tempore</span> <span class='ocrx_word' id='word_1_268' title='bbox 841 3949 940 4036; x_wconf 85' lang='lat' dir='ltr'>virgo.</span> 
     </span>
     <span class='ocr_line' id='line_1_45' title="bbox 96 4034 897 4123; baseline -0.005 -19"><span class='ocrx_word' id='word_1_269' title='bbox 96 4035 180 4104; x_wconf 90' lang='lat' dir='ltr'>hanc</span> <span class='ocrx_word' id='word_1_270' title='bbox 197 4034 289 4099; x_wconf 91' lang='lat' dir='ltr'>multi</span> <span class='ocrx_word' id='word_1_271' title='bbox 305 4034 423 4121; x_wconf 92' lang='lat' dir='ltr'>petiere</span> <span class='ocrx_word' id='word_1_272' title='bbox 440 4034 543 4120; x_wconf 84' lang='lat' dir='ltr'>proci:</span> <span class='ocrx_word' id='word_1_273' title='bbox 561 4034 677 4119; x_wconf 88' lang='lat' dir='ltr'>quibus</span> <span class='ocrx_word' id='word_1_274' title='bbox 694 4034 749 4100; x_wconf 88' lang='lat' dir='ltr'>illa</span> <span class='ocrx_word' id='word_1_275' title='bbox 764 4034 897 4123; x_wconf 90' lang='lat' dir='ltr'>repulsis</span> 
     </span>
    </p>
   </div>
   <div class='ocr_carea' id='block_1_3' title="bbox 0 0 1294 4478">
    <p class='ocr_par' dir='ltr' id='par_1_3' title="bbox 0 0 1294 4478">
     <span class='ocr_line' id='line_1_46' title="bbox 0 0 1294 4478; baseline 0 0"><span class='ocrx_word' id='word_1_276' title='bbox 0 0 1294 4478; x_wconf 95' lang='lat' dir='ltr'> </span> 
     </span>
    </p>
   </div>
  </div>
 </body>
</html>
