2574 4478
143 197 512 289 amrauosruossou
528 231 600 286 nm.
615 233 693 289 vm.
711 233 855 290 soa-sas.
874 233 925 288 rx.
944 234 1036 290 1-11.
1060 220 1121 287 145

101 381 175 423 aera
193 356 264 421 cibo
283 358 380 432 celas,
398 357 576 422 moderator
592 357 806 433 harundinis,’'
823 359 934 442 inquit,

101 443 172 508 “sic
190 466 277 507 mare
295 443 519 530 compositum,
537 443 583 508 sic
601 444 641 508 sit
657 443 715 507 tibi
732 443 827 528 piscis
844 445 877 508 in
895 444 981 509 unda

101 529 249 593 credulus
267 539 299 592 et
315 529 433 606 nullos,
450 529 512 594 nisi
528 530 625 604 fixus,
644 529 758 593 sentiat
774 528 899 593 hamos:

101 636 184 696 quae
201 614 296 679 modo
315 637 387 678 cum
405 615 460 678 vili
477 615 610 678 turbatis
628 625 715 679 veste
733 615 854 700 capillis
1138 635 1189 686 850

100 699 193 764 litore
209 700 244 763 in
260 700 321 764 hoc
337 710 467 765 steterat
484 699 573 781 (nam
591 711 724 764 stantem
742 700 775 762 in
792 701 882 764 litore
900 701 990 784 vidi),

101 785 153 848 dic
171 784 227 848 ubi
245 785 294 849 sit.
338 808 441 869 neque
459 786 543 850 enim
560 786 693 871 vestigia
710 785 836 871 longius
854 786 991 850 extant.”

100 870 155 934 illa
173 870 224 934 dei
243 892 357 934 munus
375 871 455 936 bene
474 872 585 937 cedere
604 871 714 947 sensit,
733 882 764 934 et
781 894 800 935 a
817 894 850 936 se

101 979 136 1020 se
154 957 264 1038 quaeri
280 957 433 1041 gaudens,
452 956 501 1020 his
519 968 567 1021 est
583 968 727 1021 resecuta
744 968 921 1040 rogantem:

101 1041 271 1124 “quisquis
289 1064 337 1118 es,
354 1041 515 1127 ignoscam
533 1042 566 1106 in
583 1043 703 1106 nullam
720 1043 840 1105 lumina
856 1054 977 1126 partem
1141 1063 1189 1112 855

100 1126 230 1210 gurgite
248 1126 289 1190 ab
307 1127 367 1190 hoc
383 1127 472 1203 flexi,
491 1127 657 1210 studioque
675 1139 822 1212 operatus
838 1128 968 1193 inhaesi.

100 1232 230 1294 quoque
247 1211 351 1275 minus
369 1212 504 1288 dubites,
523 1213 568 1276 sic
585 1212 642 1276 has
660 1213 739 1276 deus
756 1213 903 1295 aequoris
921 1225 1005 1276 artes
1109 1238 1114 1255 ⁴

100 1296 244 1373 adiuvet,
262 1309 298 1360 ut
314 1320 406 1362 nemo
423 1297 609 1362 iamdudum
626 1298 715 1362 litore
731 1298 763 1361 in
780 1297 851 1374 isto,

100 1404 151 1445 me
170 1393 279 1447 tamen
296 1394 437 1467 except0‚
455 1405 513 1447 nec
531 1384 649 1448 femina
666 1383 804 1448 constitit
820 1383 915 1447 ulla.’'

100 1467 235 1531 credidit
252 1479 284 1532 et
300 1490 392 1533 verso
411 1468 555 1533 dominus
574 1468 654 1552 pede
671 1468 786 1553 pressit
802 1468 952 1532 harenam
1139 1490 1190 1539 860

101 1553 273 1635 elususque
291 1554 381 1617 abiit:
399 1554 445 1616 illi
463 1576 520 1617 sua
537 1554 659 1618 reddita
676 1554 779 1619 forma
797 1566 853 1619 est.

101 1649 150 1701 ast
167 1638 224 1701 ubi
241 1637 358 1703 habere
376 1661 466 1702 suam
485 1639 685 1703 transformia
702 1661 833 1724 corpora
850 1641 958 1716 sensit,

101 1745 197 1808 saepe
215 1733 304 1808 pater
322 1724 457 1788 dominis
475 1723 646 1809 Triopeida
664 1725 767 1788 tradit.
812 1736 845 1789 at
861 1726 915 1790 illa

99 1830 186 1872 nunc
204 1830 302 1891 equa,
319 1831 405 1873 nunc
422 1810 502 1886 ales,
520 1810 615 1873 modo
634 1809 701 1885 bos,
718 1810 812 1873 modo
831 1832 943 1876 cervus
961 1810 1069 1876 abibat

99 1893 337 1978 praebebatque
355 1894 448 1958 avido
465 1917 529 1959 non
546 1896 629 1959 iusta
646 1894 794 1960 alimenta
811 1895 942 1979 parenti.
1139 1918 1189 1967 865

99 1979 148 2043 vis
166 1990 274 2043 tamen
290 1980 345 2044 illa
362 1980 437 2044 mali
454 1991 621 2064 postquam
639 1992 877 2065 consumpserat
894 2003 1020 2046 omnem

99 2064 276 2143 materiam,
303 2066 475 2148 derantque
492 2066 582 2151 gravi
600 2088 683 2130 nova
700 2067 818 2151 pabula
835 2066 956 2143 morbo,

98 2151 168 2235 ipse
187 2171 262 2214 suos
280 2163 367 2215 anus
384 2151 488 2214 lacero
506 2151 654 2216 divellere
672 2174 779 2216 morsu

99 2235 204 2320 coepit
223 2246 254 2300 et
270 2234 380 2300 infelix
396 2236 567 2302 minuendo
586 2257 699 2320 corpus
717 2237 831 2301 alebat.

99 2320 178 2404 quid
195 2342 302 2385 moror
319 2321 473 2386 externis?
491 2321 586 2386 etiam
603 2321 681 2384 mihi
694 2344 809 2407 nempe
827 2322 965 2387 novandi
984 2329 1031 2387 est
1139 2343 1190 2392 870

99 2406 256 2491 corporis,
274 2428 293 2470 o
310 2406 446 2488 iuvenis,
472 2428 604 2471 numero
621 2406 710 2470 finita
727 2417 876 2491 potestas.

98 2515 175 2555 nam
192 2491 288 2554 modo
304 2491 360 2573 qui
377 2512 461 2555 nunc
479 2515 549 2556 sum
566 2491 688 2556 videor:
706 2492 801 2556 modo
818 2490 928 2555 flector
944 2489 977 2554 in
995 2514 1146 2576 anguem:

98 2575 235 2640 armenti
252 2576 347 2639 modo
365 2576 431 2640 dux
448 2576 530 2642 vires
547 2577 580 2640 in
598 2599 717 2641 cornua
733 2598 838 2640 sumo:
856 2611 898 2623 -

99 2683 234 2738 cornua,
253 2660 330 2724 dum
347 2661 449 2745 potui:
467 2684 551 2726 nuno
568 2685 642 2747 pars
660 2663 861 2726 caret·altera
877 2661 939 2726 telo

97 2745 228 2824 frontis,
245 2756 281 2810 ut
298 2746 364 2831 ipse
383 2746 491 2811 videa'
535 2747 671 2832 gemitus
688 2759 762 2812 sunt
779 2747 876 2812 verba
893 2746 1003 2812 secuti.
1139 2765 1188 2814 8⁷5

475 3015 590 3070 LIBER
607 3017 734 3074 NONUS

98 3173 195 3256 Quae
213 3174 350 3259 gemitus
368 3184 562 3255 truncaeque
580 3173 639 3239 deo
657 3173 838 3259 Neptunius
855 3175 947 3240 heros
1027 3172 1154 3225 Acheloos
1165 3179 1189 3224 et

97 3281 198 3323 causa
216 3270 308 3344 rogat
324 3258 446 3323 frontis.
471 3280 543 3321 cum
561 3258 607 3323 sic
626 3257 821 3343 Calydonius
840 3261 940 3324 amnis
1034 3241 1091 3292 Her
1091 3241 1170 3293 m·

98 3344 219 3428 coepit,
235 3344 395 3408 inornatos
412 3342 575 3408 redimitus
593 3344 769 3409 harundine
787 3345 903 3409 crines:

98 3429 203 3493 ‘triste
221 3429 302 3513 petis
319 3451 446 3493 munus.
489 3427 559 3511 quis
579 3429 662 3494 enim
680 3453 737 3493 sua
754 3431 873 3515 proelia
891 3430 993 3494 victus

98 3536 347 3579 commemorare
364 3514 458 3579 velit?
484 3513 621 3579 referam
636 3527 742 3580 tamen
760 3517 878 3580 ordine.
922 3526 1065 3579 nectam
1137 3536 1153 3585 5

97 3611 192 3685 turpe
210 3598 272 3663 fuit
289 3600 387 3676 vinci,
405 3620 503 3682 quam
520 3600 716 3665 contendisse
734 3601 883 3666 decorum
901 3612 963 3678 est3

98 3706 280 3769 magnaque
298 3685 352 3750 dat
368 3684 460 3749 nobis
477 3694 583 3749 tantus
600 3686 718 3750 solacia
734 3687 842 3750 victor.

97 3771 226 3835 nomine
245 3770 272 3835 si
289 3791 353 3854 qua
370 3791 427 3835 suo
446 3771 542 3835 fando
560 3771 704 3855 pervenit
721 3773 762 3835 ad
781 3794 872 3837 aures

95 3854 253 3921 De‘r’anira
270 3867 355 3921 tuas:
374 3856 536 3940 quondam
553 3856 765 3938 pulcherrima
781 3858 882 3942 virge,

96 3943 333 4026 multorumque
350 3941 412 4006 suit
429 3962 501 4025 spes
519 3938 674 4004 invidiosa
690 3962 868 4040 procorum.

96 4049 170 4095 cum
189 4026 306 4111 quibus
323 4038 359 4093 ut
376 4025 477 4093 soceri
495 4025 606 4090 domus
625 4036 672 4092 est
689 4038 803 4092 mtrata
820 4027 920 4114 petiti,

148 4125 305 4176 outcome
914 4126 950 4185 10
