2574 4478
175 227 237 295 190
499 239 532 296 Ρ.
556 241 680 299 OVIDII
696 237 858 299 NASONIS

169 388 324 431 marmore
341 364 486 430 mutavit.
530 387 644 451 corpus
662 376 849 450 praeterque
867 363 1004 430 colorem

100 473 151 523 405
170 452 277 516 omnia
294 451 431 516 servavit
436 475 445 527 3
462 449 577 534 lapidis
595 451 680 515 color
696 450 830 526 indicat,
848 450 938 514 illum

169 538 233 601 iam
250 559 315 601 non
332 559 400 601 esse
418 536 544 621 lupum,
561 537 625 600 iam
642 557 707 600 non
725 535 840 601 debere
857 535 969 600 timeri.

169 645 228 687 nec
246 634 350 686 tamen
369 621 428 686 hac
446 621 618 706 profugum
636 622 804 687 consistere
817 620 917 686 Pelea
932 631 1017 686 terra

169 709 236 773 fata
254 709 373 772 sinunt:
391 705 561 792 Magnetas
580 707 646 771 adit
663 730 764 792 vagus
782 707 855 772 exul
873 717 904 770 et
919 706 984 772 illic

171 794 266 859 sumit
284 793 324 856 ab
342 793 521 857 Haemonio
539 792 727 878 purgamina
744 792 849 857 caedis
867 791 998 856 Acasto.

102 900 153 948 410
213 879 338 943 Interea
355 878 523 961 fratrisque
541 877 591 942 sui
607 878 799 961 fratremque
818 877 933 942 secutis
1078 877 1181 946 &9²0²

170 965 265 1028 anxia
281 963 433 1049 prodigiis
451 963 596 1028 turbatus
614 975 742 1049 pectora
760 961 862 1047 Ceyx,
1069 947 1191 1016 AEW

171 1051 314 1115 consulat
332 1061 367 1113 ut
385 1071 504 1125 sacras,
522 1049 686 1114 hominum
703 1048 926 1126 oblectamina,
945 1059 1055 1125 sortes,

171 1136 213 1200 ad
230 1132 372 1199 Clarium
389 1147 479 1219 parat
496 1135 542 1201 ire
560 1135 665 1200 deum.
708 1157 782 1199 nam
800 1144 864 1199 tem
886 1134 918 1198 la
934 1135 1087 1219 profanus

170 1220 257 1284 invia
274 1243 348 1284 cum
364 1220 518 1305 Phlegyis
535 1220 673 1286 faciebat
689 1219 847 1305 Delphica
863 1157 1020 1284 fhorbas.

3 1390 6 1397 1
103 1325 153 1374 415
172 1305 293 1370 consilii
310 1317 415 1370 tamen
433 1316 506 1371 ante
523 1303 587 1382 sui,
604 1305 770 1382 fidissima,
789 1315 907 1370 certam

172 1402 203 1456 te
221 1391 310 1466 facit,
328 1391 482 1475 Alcyone.
527 1391 579 1455 cui
596 1390 738 1477 protinus
755 1390 865 1454 intima
882 1390 983 1476 frigus

172 1497 245 1540 ossa
261 1487 461 1561 receperunt,
479 1477 628 1559 buxoque
646 1476 821 1540 simillimus
839 1497 895 1540 ora

172 1562 272 1647 pallor
288 1561 368 1637 obit,
386 1561 584 1645 lacrimisque
603 1584 704 1647 genae
722 1561 871 1626 maduere
888 1561 1037 1646 profusis.

172 1658 220 1712 ter
237 1657 349 1712 conata
365 1647 452 1729 loqui
469 1657 516 1712 ter
532 1647 658 1712 fletibus
676 1668 731 1711 ora
747 1647 872 1731 rigavit,

105 1751 155 1800 420
173 1732 376 1817 singultuque
394 1733 462 1817 pias
479 1733 725 1816 interrumpente
743 1731 886 1814 querelas

174 1824 270 1900 ‘quae
287 1839 359 1881 mea
376 1819 469 1902 eulpa
487 1818 600 1894 tuam’,
619 1818 697 1881 dixit
714 1817 902 1894 ‘carissime,
920 1829 1059 1883 mentem

173 1903 287 1966 vertit?
302 1903 358 1966 ubi
376 1915 437 1978 est,
455 1924 536 1986 quae
554 1925 630 1967 cura
646 1902 709 1967 mei
726 1903 811 1987 prior
828 1925 896 1968 esse
914 1904 1054 1968 solebat?

173 1987 237 2051 iam
253 1998 342 2072 potes
361 1987 506 2072 Alcyone
524 2010 653 2052 securus
672 1988 784 2052 abesse
801 1988 928 2052 relicta?

173 2072 237 2136 iam
254 2073 307 2136 via
322 2074 417 2158 longa
434 2073 556 2158 placet?
581 2074 644 2138 iam
662 2095 732 2137 sum
750 2073 806 2136 tibi
825 2073 925 2137 carior
942 2074 1077 2139 absens?

106 2173 156 2222 425
175 2170 221 2234 at,
239 2169 326 2243 put0‚
344 2180 401 2242 per
419 2171 516 2223 terras
532 2158 593 2223 iter
610 2169 670 2234 est,
689 2168 873 2241 tantumque
891 2159 1015 2237 dolebo,

175 2266 239 2308 non
257 2243 352 2308 etiam
368 2254 520 2320 metuam,
540 2265 695 2326 curaeque
713 2245 824 2308 timore
843 2245 1009 2310 carebunt:

176 2350 312 2411 aequora
329 2351 380 2393 me
397 2341 514 2393 terrent
532 2340 563 2394 et
580 2329 668 2414 ponti
686 2328 781 2393 tristis
798 2328 920 2414 imago!

176 2424 208 2478 et
224 2416 343 2479 laceras
360 2437 461 2499 nuper
478 2415 602 2479 tabulas
619 2415 652 2477 in
668 2414 759 2478 litore
777 2414 853 2490 vidi,

177 2509 209 2564 et
226 2522 319 2585 saepe
336 2499 370 2563 in
387 2499 515 2563 tumulis
534 2499 601 2564 sine
619 2521 750 2583 corpore
766 2499 894 2563 nomina
910 2499 984 2583 legi

108 2601 159 2650 430
175 2607 256 2650 neve
273 2596 363 2649 tuum
380 2585 478 2648 fallax
496 2584 636 2648 animum
652 2585 768 2649 fiducia
785 2594 904 2669 tangat,

177 2670 262 2753 quod
280 2692 368 2734 socer
384 2670 584 2755 Hippotades
602 2670 660 2734 tibi
677 2669 732 2745 sit,
751 2670 805 2752 qui
823 2690 946 2733 carcere
963 2669 1063 2735 fortes

177 2755 335 2820 contineat
352 2767 461 2819 ventos
480 2765 525 2831 et,
544 2776 616 2819 eum
633 2754 723 2829 velit,
742 2775 879 2838 aequora
896 2753 1014 2838 plaeetl

178 2863 251 2905 eum
267 2841 363 2904 semel
381 2840 487 2904 emissi
504 2850 672 2904 tenuerunt
689 2860 825 2922 aequora
842 2839 938 2916 venti,

176 2925 222 2989 nil
238 2925 299 2990 illis
317 2926 448 2989 vetitum
467 2937 527 3001 est,
544 2925 859 3008 incommendataque
876 2925 969 2989 tellus

109 3028 159 3077 435
177 3011 277 3074 omnis
295 3023 327 3075 et
344 3032 437 3074 omne
453 3010 579 3076 fretum.
623 3010 701 3075 caeli
719 3031 845 3093 quoque
862 3009 971 3074 nubila
988 3019 1104 3075 vexant

178 3096 402 3178 excutiuntque
420 3095 494 3160 feris
511 3096 621 3160 rutilos
639 3095 842 3160 concursibus
859 3096 959 3181 ignes.
1025 3120 1027 3123 ·

177 3203 240 3264 quo
258 3182 359 3266 magis
376 3181 433 3244 hos
451 3182 526 3245 novi
542 3180 631 3263 (nam
647 3181 722 3245 novi
740 3191 771 3245 et
788 3203 881 3265 saepe
899 3191 1031 3266 paterna

177 3289 276 3352 parva
294 3268 386 3330 domo
404 3266 493 3348 vidi),
511 3266 613 3351 magis
630 3265 690 3330 hoc
707 3287 778 3330 reor
796 3289 863 3330 esse
881 3266 1047 3332 timendos.

178 3353 263 3436 quod
280 3363 335 3416 tua
352 3352 379 3416 si
395 3351 479 3417 flecti
495 3352 641 3436 precibus
659 3350 813 3416 sententia
829 3351 933 3428 nullis,

109 3457 160 3505 440
178 3460 264 3513 care,
282 3448 398 3523 potest,
417 3437 567 3513 coniunx,
584 3437 778 3519 nimiumque
796 3458 830 3501 es
847 3447 950 3502 certus
968 3437 1074 3514 eundi,

177 3546 228 3588 me
246 3545 372 3607 quoque
389 3522 463 3586 tolle
480 3522 583 3586 simul.
627 3533 710 3587 certe
727 3522 913 3586 iactabimur
929 3544 1003 3597 una,

177 3630 250 3685 nec,
268 3609 329 3672 nisi
346 3630 427 3692 quae
444 3608 555 3692 patiar,
573 3620 711 3672 metuam
716 3631 725 3683 3
743 3608 921 3692 pariterque
938 3607 1087 3683 feremus,

179 3693 329 3777 quicquid
346 3694 417 3769 erit3
436 3695 553 3778 pariter
570 3716 664 3777 super
682 3714 819 3775 aequora
835 3693 899 3756 lata
916 3693 1074 3757 feremur?

178 3780 293 3843 talibus
312 3780 454 3843 Aeolidis
473 3778 563 3842 dictis
580 3778 779 3860 lacrimisque
796 3788 941 3842 movetur

111 3887 160 3934 445
180 3865 318 3928 sidereus
337 3865 473 3928 coniunx
490 3862 607 3946 (neque
626 3863 709 3927 enim
726 3864 829 3927 minor
845 3862 927 3947 ignis
944 3862 977 3927 in
994 3863 1063 3949 ipso
1081 3863 1156 3949 est);

179 3950 234 4014 sed
251 3971 352 4031 neque
370 3949 545 4034 propositos
563 3948 668 4034 pelagi
686 3949 840 4013 dimittere
857 3970 977 4024 cursus,

179 4057 238 4102 nec
255 4035 322 4099 vult
339 4035 505 4122 Alcyonen
522 4035 555 4099 in
572 4045 693 4120 partem
710 4033 858 4099 adhibere
876 4033 1000 4121 pericli3
