2574 4478
228 284 596 344 smrAMonPuosnou
612 284 685 342 ms.
704 285 770 343 mr.
789 287 934 344 ees-481.
1029 270 1092 338 209

69 423 227 496 gesserat,
246 411 299 476 hic
315 412 464 477 iaculum.
507 412 610 476 iaculo
629 410 706 474 mihi
724 411 854 475 vulnera
871 411 955 476 fecit.

68 499 161 583 signa
178 497 281 574 vides3
300 509 431 582 apparet
448 496 552 561 adhuc
570 508 661 562 vetus
678 497 752 562 inde
770 497 908 561 cicatrix.

67 594 145 647 tunc
163 605 225 668 ego
243 583 415 648 debueram
432 583 587 668 capienda
604 584 645 646 ad
662 582 822 668 Pergama
839 581 936 647 mitti:
1109 604 1160 654 440

67 679 137 732 tum
155 678 299 752 poteram
316 669 440 753 magni,
458 669 485 732 si
502 691 566 732 non
584 690 747 753 superare,
765 667 880 731 morari

68 753 218 818 Hectoris
237 776 326 817 arma
342 754 431 818 meis.
474 753 528 818 illo
547 752 604 817 sed
621 765 762 838 tempore
779 753 895 829 nullus,

69 849 124 903 aut
141 860 232 923 puer,
251 840 373 903 Hector
391 849 456 903 erat
462 863 471 916 ;
489 861 574 903 nunc
591 861 642 903 me
659 861 731 902 mea
749 838 854 902 deficit
872 850 969 904 aetas.

68 923 145 1007 quid
164 923 222 988 tihi
239 924 390 988 victorem
406 924 525 1008 gemini
541 923 736 1009 Periphanta
753 923 916 1009 Pyraethi,

68 1010 218 1094 Ampyca
234 1009 313 1092 quid
329 1009 483 1075 referam?
500 1010 554 1092 qui
572 1009 840 1093 quadrupedantis
859 1009 990 1075 Echecli
1110 1032 1159 1081 445

68 1094 137 1158 lixit
154 1095 187 1157 in
207 1093 339 1158 adverso
357 1116 488 1159 cornum
507 1095 574 1159 sine
592 1095 722 1180 cuspide
741 1095 840 1160 vultu.

10 1184 15 1193 '
68 1190 159 1244 vecte
177 1178 418 1244 Pelethronium
434 1179 604 1244 Macareus
621 1180 655 1243 in
672 1191 783 1265 pectus
802 1180 914 1245 adacto

69 1264 180 1329 stravit
198 1264 410 1350 Erigdupum.
453 1265 584 1330 memini
601 1276 633 1330 et
649 1265 808 1330 venabula
825 1265 918 1331 condi

67 1349 199 1434 inguine
216 1349 345 1415 Nesseis
364 1349 510 1415 manibus
528 1350 669 1416 coniecta
687 1349 822 1436 Cymeli.

10 1508 12 1513 ,
67 1458 126 1501 nec
144 1448 181 1499 tu
199 1435 368 1500 credideris
386 1446 510 1501 tantum
529 1436 678 1501 cecinisse
695 1437 803 1501 futura
1109 1460 1160 1509 450

67 1520 270 1615 Ampyciden
288 1520 452 1607 Mopsum.
495 1520 612 1606 Mopso
629 1521 786 1588 iaculante
808 1521 951 1588 biformis

67 1606 217 1671 occubuit
234 1606 414 1691 frustraque
432 1607 520 1690 loqui
537 1607 701 1692 temptavit
718 1607 865 1685 Hodites,

67 1692 108 1756 ad
126 1702 268 1757 mentum
285 1691 329 1756 lin
377 1715 396 1756 a
413 1702 583 1774 mentoque
601 1693 643 1756 ad
660 1703 790 1778 guttura
807 1693 882 1758 fixo.

66 1777 208 1861 quinque
225 1778 296 1842 neci
314 1715 461 1843 Clitueneus
479 1777 618 1853 dederat,
638 1776 890 1863 Styphelumque
907 1781 1125 1865 Bromumque

67 1863 360 1947 Antimachumque
378 1862 593 1947 Elymumque
612 1864 881 1949 securiferumque
898 1865 1089 1950 Pyracmon.
1109 1887 1158 1934 455

67 1948 200 2013 vulnera
216 1970 281 2013 non
297 1949 442 2026 memini;
460 1971 628 2014 numerum
645 1971 823 2034 nomenque
840 1952 959 2015 notavi.

66 2034 212 2119 provolat
229 2032 371 2098 Emathii
389 2035 496 2119 spoliis
515 2046 655 2100 armatus
673 2035 816 2116 Halaesi,

67 2141 164 2202 quem
182 2118 313 2184 dederat
329 2119 403 2197 leto,
421 2119 572 2184 membris
591 2131 622 2185 et
639 2141 770 2205 corpore
787 2120 925 2186 Latreus

66 2205 235 2269 maximus.
278 2204 353 2269 huic
370 2215 457 2271 aetas
474 2205 556 2270 inter
572 2205 784 2289 iuvenemque
803 2228 984 2290 senemque,

66 2290 115 2356 vis
133 2290 287 2354 iuvenalis
306 2302 387 2368 erat3
405 2290 571 2355 variabant
589 2302 732 2375 tempora
750 2292 829 2356 cani.

66 2376 122 2459 qui
140 2375 242 2461 clipeo
259 2376 428 2461 gladioque
446 2375 699 2459 Macedoniaque
717 2377 832 2441 sarissa

66 2461 258 2547 conspicuus
275 2461 452 2545 faciemque
470 2462 622 2527 obversus
639 2462 673 2526 in
690 2484 806 2547 agmen
824 2473 992 2547 utrumque

66 2568 219 2630 armaque
237 2547 394 2612 concussit
411 2558 594 2631 certumque
613 2548 766 2631 equitavit
781 2547 815 2611 in
833 2548 942 2613 orbem

66 2632 228 2715 verbaque
246 2643 293 2696 tot
309 2632 393 2696 fudit
409 2655 527 2697 vacuas
545 2632 706 2698 animosus
722 2633 756 2697 in
773 2656 881 2698 auras:

66 2724 86 2753 “
93 2728 125 2783 et
143 2728 190 2794 te,
210 2715 325 2793 Caeni,
343 2718 463 2783 feram?
481 2741 555 2783 nam
572 2730 607 2782 tu
624 2718 702 2783 mihi
719 2718 837 2783 femina
854 2742 989 2805 semper,

65 2814 101 2867 tu
119 2802 197 2867 mihi
216 2800 333 2867 Caenis
351 2803 423 2868 eris.
466 2815 574 2870 necte
591 2804 705 2869 natalis
723 2805 811 2890 origo

66 2888 275 2963 commonuit,
293 2898 494 2972 mentemque
513 2889 616 2967 subit,¹
629 2911 692 2973 quo
709 2889 850 2975 praemia
867 2889 963 2968 facto,

65 2995 194 3058 quaque
211 2973 270 3037 viri
287 2974 400 3038 falsam
417 2974 555 3058 speciem
573 2976 718 3040 mercede
735 2975 875 3061 pararis?

66 3059 146 3142 quid
163 3058 205 3123 sis
222 3069 311 3136 nata,
329 3059 417 3136 vide,
435 3060 486 3124 vel
504 3060 580 3144 quid
598 3061 640 3124 sis
657 3083 765 3146 passa3
785 3062 963 3143 columque,

65 3144 91 3219 i,
111 3166 190 3229 cape
208 3166 281 3209 cum
299 3143 429 3209 calathis
435 3192 444 3221 ,
463 3156 495 3209 et
513 3145 648 3210 stamina
665 3146 779 3230 pollice
797 3158 922 3229 torque:

65 3230 152 3294 bella
168 3230 310 3313 relinque
327 3230 434 3294 viris.”
477 3231 607 3295 iactanti
624 3232 699 3295 talia
717 3229 865 3297 Caeneus

66 3325 230 3380 extentum
249 3337 345 3380 cursu
362 3315 459 3380 missa
475 3317 558 3380 latus
577 3316 658 3380 eruit
673 3316 775 3393 hasta,

67 3420 132 3483 qua
148 3400 197 3464 vir
215 3421 296 3482 equo
315 3401 500 3465 commissus
519 3412 595 3465 crat.
639 3401 715 3465 furit
732 3402 785 3467 ille
804 3403 911 3468 dolore

66 3485 217 3569 nudaque
234 3484 361 3570 Phyllei
377 3485 500 3550 iuvenis
518 3486 591 3551 ferit
609 3508 663 3551 ora
682 3488 805 3552 sarissa.

66 3593 131 3636 non
149 3593 240 3636 secus
259 3570 338 3636 haec
355 3571 466 3646 resilit,
485 3593 580 3655 quarn
598 3572 673 3637 tecti
691 3596 710 3636 a
728 3573 864 3638 culmine
881 3574 1012 3658 grando,

67 3666 121 3721 aut
140 3656 256 3757 siquis
273 3678 373 3742 parvo
389 3656 483 3721 feriat
500 3679 579 3721 cava
595 3667 747 3742 tympana
764 3681 851 3723 saxo.

67 3764 244 3807 commmus
261 3765 280 3806 a
303 3742 445 3828 graditur
461 3741 614 3825 laterique
632 3744 802 3809 recondere
821 3744 900 3809 duro

66 3826 204 3892 luctatur
220 3764 376 3913 gladium:
394 3827 502 3913 gladio
519 3828 589 3892 loca
605 3828 715 3914 pervia
731 3851 796 3894 non
814 3841 897 3895 sunt.

67 3912 179 3978 “haud
196 3924 302 3978 tamen
321 3913 469 3999 effugiesl
487 3912 591 3978 medio
608 3915 803 4000 iugulaberis
822 3939 906 3992 ense,

67 3998 324 4082 quandoquidem
337 4021 446 4064 mucro
460 4009 508 4064 est
525 3998 622 4064 hebes
629 4000 647 4028 ”
661 4001 773 4084 inquit,
788 4014 820 4067 et
832 4002 865 4066 in
883 4003 966 4068 latus
980 4025 1089 4069 ensem
1107 4023 1157 4075 480

10 4076 38 4167 Κ
66 4085 209 4168 oquuat
225 4084 385 4172 longaque
403 4085 602 4173 amplectitur
619 4085 673 4150 ilia
691 4086 811 4153 dextra.

114 4184 267 4233 nummu
882 4188 931 4273 14¹
