2574 4478
290 217 655 281 rmrnuoaruosnou
672 223 744 281 nra.
764 225 827 281 vn.
846 225 937 281 1—85.
1060 207 1121 276 107

96 347 125 413 si
143 348 252 414 facere
270 348 331 413 hoc
348 346 482 412 aliamve
499 358 604 433 potest
621 370 813 433 praeponere
830 348 932 425 nobis,

98 434 227 500 occidat
242 433 275 498 in
335 445 396 498 tus.
440 433 577 498 sednon
594 432 621 497 is
639 434 745 499 vultus
763 434 795 497 in
812 434 876 509 illo,

97 544 166 585 non
184 543 223 585 ea
240 540 282 584 no
305 518 387 584 ilitas
405 518 511 583 animo
529 529 590 595 est,
608 541 647 584 ea
687 519 766 583 ratia
783 519 913 596 formae,

98 617 137 672 ut
154 606 285 671 timeam
301 603 447 669 fraudem
464 602 630 688 meritique
648 542 765 669 oblivia
782 603 889 668 nostri.
1139 623 1172 674 45

99 703 133 758 et
150 691 241 756 dabit
257 701 331 756 ante
347 690 458 766 fidem,
477 711 652 774 cogamque
670 690 703 753 in
720 690 849 755 foedera
865 700 961 755 testes

100 801 172 844 esse
190 777 276 841 deos.
319 775 397 859 quid
413 785 482 841 tuta
498 775 608 840 times?
635 775 808 860 accingere,
827 786 858 840 et
875 797 1000 841 omnem

99 864 185 950 pelle
202 861 337 927 moraml
376 861 434 925 tibi
451 883 486 925 se
503 883 627 946 semper
644 861 772 926 debebit
787 861 893 937 Iason,

99 963 133 1014 te
151 948 223 1013 face
240 947 383 1013 sollemni
400 946 512 1031 iunget
529 945 603 1022 sibi,
621 969 741 1031 perque
757 946 910 1032 Pelasgas

100 1033 258 1100 servatrix
275 1033 370 1098 urbes
389 1042 525 1096 matrum
543 1032 743 1096 celebrabere
760 1032 862 1096 turba.
879 1067 923 1078 —-
1140 1052 1173 1101 50

101 1141 180 1206 ergo
198 1141 259 1184 eoo
275 1140 461 1204 germanam
478 1117 671 1201 fratremque
688 1128 872 1201 patremque
890 1118 1029 1200 deosque

101 1217 135 1270 et
151 1170 258 1270 natale
275 1204 377 1268 solum
394 1202 496 1268 ventis
514 1203 620 1267 ablata
637 1202 830 1287 relinquam?

100 1312 218 1376 nempe
235 1300 325 1375 pater
342 1311 469 1366 saevus,
486 1311 601 1373 nempe
609 1303 666 1354 est
683 1310 755 1353 mea
771 1288 906 1352 barbara
922 1288 1025 1365 tellus,

100 1377 201 1441 frater
219 1375 323 1439 adhuc
339 1374 454 1438 infans.
498 1384 582 1438 stant
600 1395 724 1439 mecum
742 1384 816 1439 vota
833 1373 961 1438 sororis:

100 1461 261 1526 maximus
279 1460 361 1524 intra
378 1482 429 1525 me
447 1459 526 1524 deus
544 1469 600 1523 est.
643 1481 708 1523 non
726 1483 842 1545 magna
859 1459 1045 1541 relinquam,
1140 1476 1172 1527 55

100 1569 221 1646 magna
239 1568 368 1629 sequar:
386 1545 513 1610 titulum
531 1555 674 1609 servatae
691 1546 784 1628 pubis
803 1544 947 1610 Achivae

100 1632 310 1714 notitiamque
327 1631 390 1696 loci
406 1629 543 1694 melioris
561 1640 593 1695 et
610 1630 740 1714 oppida,
758 1652 893 1714 quorum

101 1718 155 1782 hic
173 1738 300 1801 quoque
317 1715 403 1780 fama
420 1717 520 1801 viget,
539 1716 706 1797 cultusque
723 1728 868 1799 artesque
885 1717 1041 1792 locorum3

101 1823 263 1887 quemque
281 1823 342 1886 ego
359 1823 432 1866 cum
450 1801 559 1877 rebus,
577 1821 656 1885 quas
674 1812 758 1865 totus
775 1802 914 1886 possidet
931 1803 1026 1879 orbis,

100 1888 289 1954 Aesoniden
305 1898 444 1951 mutasse
461 1885 567 1951 velim.
610 1906 673 1969 quo
692 1886 826 1971 coniuge
843 1887 920 1952 felix
1140 1907 1174 1958 eo

101 1985 134 2040 et
153 1974 201 2038 dis
220 1995 294 2038 cara
310 1972 394 2037 ferar
411 1983 443 2037 et
460 1971 575 2036 vertice
593 1971 696 2036 sidera
713 1983 852 2057 tangam.

101 2060 180 2144 quid
197 2059 283 2143 quod
301 2058 408 2122 nescio
426 2056 482 2141 qui
498 2056 610 2122 mediis
627 2078 814 2123 concurrere
831 2058 863 2122 in
880 2058 973 2123 undis

101 2146 253 2211 dicuntur
268 2154 405 2219 montes,
422 2143 605 2226 ratibusque
622 2142 749 2206 inimica
767 2141 947 2229 Charybdis

101 2253 188 2296 nunc
206 2230 334 2295 sorbere
350 2228 467 2293 fretum
483 2249 568 2292 nunc
585 2228 730 2306 reddere,
749 2229 913 2312 cinctaque
931 2229 1033 2294 saevis

102 2315 214 2402 Scylla
231 2338 331 2401 rapax
348 2314 479 2380 canibus
497 2311 606 2380 Siculo
623 2315 738 2378 latrare
755 2314 931 2398 profundo?
1140 2332 1172 2383 65

101 2424 218 2487 nempe
236 2412 347 2466 tenens
364 2399 451 2484 quod
468 2421 554 2476 amo,
573 2399 757 2499 gremioque
774 2400 807 2463 in
824 2400 947 2464 Iasonis
964 2400 1097 2465 haerens

101 2510 160 2574 per
176 2488 260 2553 freta
276 2487 373 2570 longa
389 2485 482 2550 ferar.
525 2485 603 2548 nihrl
620 2485 710 2548 illum
728 2485 874 2569 amplexa
891 2486 1037 2563 verebor3

102 2583 172 2649 aut,
191 2572 219 2637 si
236 2571 313 2654 quid
329 2581 482 2646 metuam,
500 2582 640 2636 metuam
659 2570 698 2634 de
716 2569 850 2654 coniuge
868 2571 945 2634 solo.

102 2657 327 2743 coniugiumue
344 2667 437 2741 putas
454 2656 659 2741 speciosaque
676 2655 805 2719 nomina
822 2656 933 2741 culpae

101 2743 253 2828 imponis,
271 2742 404 2818 Medea,
422 2742 515 2806 tuae?
541 2741 618 2825 quin
636 2740 756 2825 aspice,
775 2752 928 2825 quantum
1141 2765 1174 2814 70

47 2884 51 2908 ‚
104 2828 290 2915 aggrediare
307 2827 397 2892 nefas
415 2837 460 2903 et,
479 2827 555 2892 dum
572 2826 659 2903 licet,
679 2826 784 2911 effuge
803 2827 941 2892 crimen?

103 2915 193 2979 dixit.
237 2924 269 2978 et
286 2925 359 2978 ante
376 2913 483 2977 oculos
501 2922 621 2977 rectum
639 2912 803 2996 pietasque
821 2913 985 2997 pudorque

103 3000 321 3075 constiterant,
340 3010 371 3063 et
388 2997 473 3062 victa
490 2997 587 3062 dabat
603 2997 667 3061 iam
685 3009 775 3081 terga
792 2995 929 3082 Cupido.

144 3086 220 3150 Ibat
238 3084 279 3149 ad
296 3084 442 3167 antiquas
459 3085 599 3148 Hecates
616 3081 785 3147 Perse'r'dos
803 3106 884 3159 aras,

103 3194 184 3257 quas
200 3192 312 3235 nemus
330 3169 514 3233 umbrosum
532 3179 715 3250 secretaque
732 3168 813 3232 silva
829 3169 966 3253 tegebat.
1142 3190 1174 3239 75

104 3268 135 3323 et
150 3257 217 3321 iam
234 3255 324 3319 fortis
342 3263 424 3330 erat,
442 3255 615 3339 pulsusque
632 3253 792 3318 resederat
809 3254 916 3318 ardor:

104 3366 177 3408 cum
196 3340 282 3406 videt
298 3338 496 3414 Aesoniden,
514 3340 714 3422 extinctaque
731 3339 859 3403 flamma
876 3337 1000 3404 reluxit.

104 3429 260 3494 erubuere
277 3448 393 3512 genae,
412 3435 540 3507 totoque
558 3424 721 3490 recanduit
738 3446 801 3502 ore,

103 3524 202 3597 utque
221 3513 300 3577 solet
317 3510 420 3575 ventis
437 3510 586 3575 alimenta
603 3532 777 3587 assumere,
796 3531 939 3594 quaeque

103 3622 203 3685 parva
221 3598 281 3662 sub
298 3597 428 3661 inducta
443 3595 536 3660 latuit
553 3595 687 3660 scintilla
704 3595 821 3673 favilla,
1140 3615 1175 3666 80

104 3706 246 3750 crescere
263 3693 296 3748 et
311 3683 345 3747 in
363 3692 485 3748 veteres
503 3680 622 3767 agitata
639 3704 803 3767 resurgere
821 3681 914 3758 vires,

104 3770 149 3835 sic
162 3770 449 3844 iamlentusamor‚
462 3766 525 3830 iam
542 3788 638 3850 quem
654 3766 805 3851 languere
823 3779 961 3851 putares,

104 3868 140 3921 ut
157 3856 237 3920 vidit
253 3856 416 3930 iuvenem,
434 3852 538 3940 specie
554 3852 728 3937 praesentis
745 3851 864 3916 inarsit.

104 3955 135 4008 et
153 3963 230 4006 casu
248 3940 339 4005 solito
356 3938 522 4004 formosior
538 3938 666 4002 Aesone
682 3948 776 4002 natus

105 4028 159 4094 illa
175 4028 247 4094 luce
264 4025 336 4092 fuit.
378 4047 488 4113 posses
505 4023 668 4111 ignoscere
686 4020 813 4088 amanti.
