2574 4478
152 210 212 276 108
480 224 512 278 Ρ.
532 225 655 281 OVIDII
673 222 835 282 NASONIS

150 358 283 433 spectat,
301 347 381 412 etin
399 349 490 413 vultu
507 348 606 412 veluti
622 358 690 412 tum
707 348 842 431 denique
860 347 928 412 viso

148 434 268 498 lumina
285 433 349 497 fixa
366 444 464 511 tenet,
482 456 541 498 nec
559 456 592 498 se
609 435 753 497 mortalia
770 434 899 498 demens

149 542 205 584 ora
222 518 328 584 videre
345 530 450 668 puttat,
468 541 527 583 nec
544 541 578 583 se
596 519 731 583 declinat
748 519 789 583 ab
806 520 870 583 illo.

149 616 278 669 utvero
296 604 461 688 coepitque
477 604 566 687 loqui
583 604 657 668 dext
645 614 788 687 tramque
805 604 972 689 prehendit

99 708 133 757 90
150 691 276 789 hospes
283 701 314 754 et
332 690 484 753 auxillum
502 690 669 753 summissa
686 711 764 755 voce
780 690 904 775 rogavit

149 774 277 861 promisi
279 786 353 858 tque
370 787 488 850 torum,
505 775 641 839 lacrimis
659 775 703 838 ait
719 775 773 839 illa
789 776 941 875 profusis:

150 861 242 943 ‘quid
259 860 513 937 faciam,v1deo,
535 882 594 924 nec
611 883 662 924 me
677 860 854 944 ignorantia
871 862 939 924 veri

151 945 299 1031 decipiet,
317 945 373 1009 sed
390 968 487 1009 amor.
531 945 697 1010 servabere
713 968 844 1010 munere
861 958 984 1010 nostro:

151 1042 293 1094 servatus
309 1031 464 1115 promissa
480 1031 574 1095 dato!
617 1053 675 1116 per
692 1053 782 1095 sacra
798 1031 947 1095 triformis

101 1134 132 1183 95
149 1117 201 1180 ille
219 1116 312 1192 deae,
329 1115 464 1199 lucoque
482 1117 564 1181 foret
580 1117 666 1199 quod
682 1140 800 1181 numen
815 1116 849 1180 in
865 1117 930 1194 illo,

151 1223 269 1287 perque
286 1212 407 1286 patrem
424 1203 525 1266 soceri
542 1214 721 1266 cernentem
738 1212 851 1266 cuncta
868 1201 918 1266 fut
905 1202 977 1278 turi,

151 1298 345 1369 eventusque
363 1309 435 1351 suos
454 1300 484 1351 et
502 1298 589 1351 tanta
605 1288 771 1372 pericula
761 1299 853 1351 rurat.

151 1372 287 1437 creditus
305 1372 427 1457 accepit
444 1382 584 1437 cantatas
603 1372 744 1457 protinus
761 1372 876 1437 herbas

72 1458 74 1463 ’
151 1458 340 1540 edidicitque
358 1481 451 1521 usum
467 1458 630 1541 laetusque
647 1459 680 1520 in
698 1468 781 1522 tecta
797 1459 936 1523 recessit.

85 1563 134 1610 100
192 1542 327 1607 Postera
344 1543 505 1627 depulerat
524 1544 629 1607 stellas
647 1566 761 1607 aurora
778 1543 943 1609 micantes:

50 1632 51 1636 ’
152 1629 342 1692 conveniunt
358 1629 469 1728 populi
485 1650 608 1692 sacrum
625 1629 781 1693 Mavortis
797 1630 830 1694 in
849 1653 960 1694 arvum

152 1714 387 1796 consistuntque
405 1715 498 1798 iugis.
541 1715 645 1778 medio
662 1723 718 1778 rex
735 1714 807 1815 ipse
821 1716 935 1780 resedit

151 1799 278 1884 agmine
295 1822 472 1884 purpureus
490 1822 564 1884 scep
566 1811 676 1882 rtoque
693 1800 825 1886 insignis
843 1802 974 1865 eburno.

152 1906 225 1949 ecce
243 1885 420 1948 adamant
379 1895 437 1949 tels
456 1885 633 1950 Volcanum
650 1852 779 1949 naribus
797 1886 905 1950 efflant

85 1988 133 2037 105
152 1970 314 2054 aeripedes
332 1971 428 2045 tauri,
446 1981 611 2053 tactaeque
629 1970 798 2055 vaporibus
816 1971 934 2036 herbae

152 2055 271 2120 ardent.
314 2065 412 2138 utque
430 2056 530 2120 solent
546 2056 631 2140 pleni
648 2078 794 2122 resonare
811 2057 936 2133 camini,

152 2152 207 2204 aut
195 2141 310 2205 tubit
297 2150 420 2204 terrena
438 2141 540 2206 silices
558 2142 686 2206 fornace
704 2141 797 2205 soluti

152 2225 332 2326 concipiunt
347 2227 454 2326 ignem
472 2227 663 2309 liquidarum
681 2227 847 2327 aspergine
865 2248 1033 2311 aquarum·

151 2322 280 2396 pectora
298 2311 342 2375 sic
359 2312 404 2375 int
405 2335 443 2375 us
392 2312 584 2376 tolausas
601 2313 760 2376 volventia
776 2314 919 2377 flammas

85 2415 134 2463 110
151 2407 341 2498 gutturaque
359 2408 431 2461 usta
448 2409 570 2462 sonant.
613 2409 719 2462 tamen
737 2399 798 2462 illis
815 2400 944 2463 Aesone
961 2412 1054 2462 natus

152 2482 307 2547 obviust
281 2493 315 2546 ιι.
359 2495 480 2547 vertere
498 2494 601 2548 truces
618 2483 772 2548 venientis
791 2484 832 2547 ad
850 2507 905 2548 ora

151 2568 304 2632 terribiles
322 2568 428 2631 vultus
445 2568 648 2653 praefixaque
665 2591 784 2633 cornua
800 2571 893 2645 ferro,

151 2653 398 2738 pulvereumque
417 2657 518 2718 solum
536 2655 616 2754 pede
633 2655 799 2738 pulsavere
817 2655 938 2719 bisulco

151 2738 361 2821 fumificisque
378 2739 483 2802 locum
500 2753 602 2824 mugrt
579 2739 674 2802 tibus
691 2739 909 2840 impleverunt

86 2841 133 2888 115
153 2823 318 2925 deriguere
335 2835 421 2888 metu
438 2792 580 2908 Minyae.
623 2825 709 2888 subit
726 2826 777 2888 ille
796 2847 854 2889 nec
871 2827 961 2909 ignes

151 2919 245 2973 sentit
207 2909 387 2973 tttanhela
375 2920 424 2973 tos
441 2907 577 2991 (tantum
596 2909 804 2974 medicamina
820 2913 966 2996 possunt)

151 2995 352 3143 pendulaque
370 2995 483 3057 audaci
500 2995 617 3058 mulcet
605 2994 772 3079 tpalearia
789 2995 864 3060 dext
851 3006 951 3096 tra-0,

152 3079 391 3181 suppositosque
409 3080 484 3164 iugo
502 3080 625 3164 pondus
642 3103 739 3164 grave
757 3081 842 3165 cogit
859 3081 953 3145 aratri

152 3166 266 3229 ducere
285 3176 316 3229 et
332 3167 491 3228 insuetum
509 3164 592 3228 ferro
609 3166 809 3250 proscindere
827 3188 984 3250 campum.

86 3269 134 3318 120
151 3251 303 3314 mirantur
322 3248 448 3314 Colchi:
466 3250 598 3334 Minyae
616 3251 804 3315 clamoribus
813 3263 941 3356 augent

152 3337 353 3436 adiciuntque
371 3336 501 3399 animos.
545 3337 722 3421 galeatum
740 3337 835 3400 sumit
853 3343 933 3401 ae'na

151 3423 293 3506 vipereos
312 3422 385 3485 dent
374 3432 420 3485 tes
439 3433 469 3485 et
487 3434 590 3485 aratos
609 3422 730 3507 spargit
746 3422 778 3484 in
797 3444 900 3507 agros.

152 3507 271 3571 semina
288 3506 388 3570 mollit
405 3506 520 3570 humus
538 3508 642 3570 valido
659 3475 836 3592 praetincta
850 3530 981 3584 veneno,

152 3604 183 3656 et
201 3602 358 3667 crescunt,
376 3592 518 3675 fiuntque
536 3593 595 3655 sati
612 3615 696 3656 nova
713 3613 845 3692 corpora
862 3593 981 3658 dentes

85 3697 133 3745 ιιι
152 3688 250 3761 utque
267 3677 401 3741 hominis
420 3676 557 3762 speciem
574 3690 716 3742 materna
733 3678 828 3742 sumit
844 3679 876 3741 in
895 3680 965 3743 alvo

151 3785 285 3862 perque
289 3784 362 3826 suos
379 3762 464 3826 intus
483 3785 631 3827 numeros
649 3763 847 3863 componitur
863 3764 977 3840 infans,

151 3869 211 3912 nec
227 3847 288 3911 nisi
305 3859 446 3912 maturus
464 3869 645 3913 communes
663 3849 726 3912 exit
743 3850 775 3912 in
793 3871 899 3913 auras:

153 3932 270 3996 sicubi
287 3932 459 3997 visceribus
476 3934 626 4019 gravidae
644 3934 788 3998 telluris
779 3954 885 4018 imago

152 4017 268 4083 effecta
285 4029 333 4083 est
350 3984 499 4098 hominis,
516 4018 581 4086 fato
599 4021 760 4106 consurgit
776 4020 811 4085 in
828 4041 919 4097 arv03
