2574 4478
152 185 214 252 106
478 199 512 253 Ρ.
532 197 655 254 OVIDII
672 195 834 254 NASONIS

494 421 608 476 LIBER
626 419 824 478 SEPTIMUS.

150 580 284 663 Iamque
301 579 417 643 fretum
430 578 562 664 Minyae
574 578 740 663 Pagasaea
758 601 865 663 puppe
883 577 1044 654 secabant,
1056 577 1138 629 Iason
1148 583 1170 628 2¹

175 677 367 750 erpetuaque
384 665 512 729 trahens
529 665 656 749 inopem
675 665 734 728 sub
751 677 844 728 nocte
862 675 1023 728 senectam
1061 645 1162 699 Medea,

150 689 292 816 lhineus
311 750 397 815 visus
416 762 496 828 erat,
513 750 706 834 iuvenesque
723 751 884 833 Aquilone
902 749 998 814 creati

151 837 309 921 virgineas
327 837 471 900 volucres
488 835 595 899 miseri
613 836 696 900 senis
713 858 766 899 ore
784 835 944 920 fugarant,

119 942 134 990 5
152 923 314 1005 multaque
330 921 472 1008 perpessi
489 921 573 987 claro
591 922 650 985 sub
667 921 782 985 Iasone
800 922 928 985 tandem
1025 994 1031 1005 .

152 1009 348 1092 contigerant
365 1007 491 1092 rapidas
508 1007 611 1071 limosi
628 1006 776 1071 Phasidis
793 1006 905 1070 undas.

153 1094 292 1176 dumque
310 1093 428 1157 adeunt
444 1116 552 1178 regem
569 1092 771 1175 Phrixeaque
788 1093 905 1157 vellera
921 1102 1067 1177 poscunt,

150 1179 266 1262 lexque
283 1179 376 1242 datur
391 1178 513 1264 Minyis
530 1200 718 1263 magnorum
737 1178 893 1243 horrenda
909 1178 1066 1256 laborum,

154 1263 290 1348 concipit
306 1265 425 1328 interea
442 1265 563 1328 validos
580 1264 710 1328 Aeetias
727 1264 828 1349 ignes,

103 1369 135 1417 10
153 1361 185 1414 et
201 1351 320 1414 luctata
338 1350 406 1426 diu,
424 1361 592 1434 postquam
610 1350 731 1413 ratione
749 1349 888 1413 furorem

153 1435 278 1499 vincere
296 1457 361 1499 non
377 1446 513 1519 poterat,
531 1435 678 1512 ‘frustra
696 1435 828 1510 Medea,
846 1457 1019 1520 repugnas:

152 1521 259 1585 nescio
278 1521 349 1603 quis
366 1521 445 1585 deus
464 1520 580 1584 obstat'
600 1521 652 1584 ait.
697 1521 904 1604 ‘mirumque,
922 1520 983 1584 nisi
1000 1521 1062 1586 hoc
1080 1531 1127 1586 est

66 1629 67 1632 ¹
153 1617 209 1670 aut
227 1605 345 1689 aliquid
364 1617 447 1670 certe
466 1607 565 1670 simile
584 1606 671 1681 huic,
689 1607 777 1689 quod
794 1629 900 1670 amare
917 1617 1058 1671 vocatur·

153 1714 226 1755 nam
245 1714 301 1755 cur
317 1692 404 1756 iussa
420 1693 518 1776 patris
536 1692 668 1755 nimium
686 1692 763 1755 mihi
781 1692 860 1756 dura
877 1692 1042 1756 videntur?

105 1798 137 1846 15
156 1789 229 1842 sunt
246 1799 373 1861 quoque
391 1777 470 1840 dura
487 1777 590 1840 nimis.
634 1800 700 1853 cur,
718 1799 814 1860 quem
831 1778 926 1841 modo
944 1777 1082 1862 denique
1100 1778 1174 1856 vidi,

152 1885 193 1926 ne
211 1874 333 1946 pereat,
352 1862 466 1927 timeo?
484 1884 566 1946 quae
583 1862 662 1926 tanti
680 1884 777 1926 causa
794 1863 934 1926 timoris?

153 1959 266 2012 excute
284 1948 425 2032 virgineo
444 1958 611 2032 conceptas
629 1957 756 2032 pectore
773 1947 925 2025 flammas,

154 2034 181 2096 si
198 2045 303 2117 potes,
320 2033 478 2096 infelix...
515 2034 541 2097 si
558 2055 697 2117 possem,
716 2033 822 2098 sanior
839 2032 954 2098 esseml

154 2119 209 2182 sed
227 2131 339 2203 gravat
355 2118 486 2182 invitam
504 2141 588 2182 nova
605 2119 652 2183 vis
658 2143 667 2195 ;
686 2119 835 2202 aliudque
853 2119 978 2204 cupido,

103 2224 137 2273 20
153 2227 243 2268 mens
261 2205 347 2268 aliud
364 2206 484 2269 suadet.
528 2204 621 2268 video
638 2204 767 2269 meliora
784 2205 961 2289 proboque:

154 2289 308 2353 deteriora
326 2312 448 2373 sequor.
493 2290 570 2372 quid
587 2290 620 2354 in
637 2290 775 2375 hospite,
793 2290 881 2376 regia
898 2290 999 2375 virgo,

153 2375 253 2439 ureris
272 2387 303 2440 et
320 2375 475 2439 thalamos
493 2376 586 2440 alieni
603 2376 742 2460 concipis
760 2375 865 2440 orbis?

153 2459 232 2525 haec
250 2482 375 2544 quoque
393 2472 476 2525 terra
493 2471 606 2546 potest,
625 2462 710 2544 quod
728 2484 824 2538 ames,
843 2462 928 2526 dare.
959 2460 1047 2527 vivat
1065 2486 1106 2527 an
1124 2462 1177 2529 illo

153 2547 289 2621 occidat,
307 2547 340 2609 in
358 2547 405 2610 dis
423 2557 479 2610 est.
524 2547 610 2610 vivat
626 2558 732 2611 tamen
738 2571 747 2624 3
764 2546 861 2630 idque
877 2548 999 2632 precari

104 2651 135 2700 25
153 2633 203 2695 vel
221 2632 288 2695 sine
306 2654 412 2695 amore
428 2631 512 2695 licet.
555 2631 632 2714 quid
650 2632 733 2696 enim
751 2632 906 2696 commisit
923 2633 1039 2697 Iason?

155 2739 250 2799 quem
267 2717 328 2780 nisi
346 2717 504 2781 crudelem
522 2739 586 2780 non
604 2727 713 2802 tangat
730 2718 853 2781 Iasonis
871 2730 957 2782 aetas

153 2813 186 2865 et
202 2825 303 2886 genus
321 2813 353 2866 et
370 2803 487 2866 virtus?
506 2825 600 2886 quem
618 2825 696 2880 non,
715 2815 751 2867 ut
769 2814 872 2868 cetera
890 2804 1002 2880 desint,

154 2909 207 2951 ore
225 2909 352 2951 movere
370 2889 491 2972 potest?
509 2900 592 2952 certe
610 2912 681 2954 mea
698 2899 826 2973 pectora
843 2890 951 2953 movit.

155 2984 188 3036 at
204 2972 264 3036 nisi
282 2994 375 3058 opem
392 2973 507 3050 tulero,
526 2985 687 3037 taurorum
706 2975 875 3038 adflabitur
892 2996 946 3041 ore

104 3078 137 3126 30
154 3068 381 3142 concurretque
398 3081 475 3122 suae
493 3059 607 3144 segeti,
625 3060 736 3124 tellure
755 3060 867 3124 creatis

153 3144 310 3220 hostibus,
329 3154 384 3208 aut
401 3144 493 3208 avido
512 3145 638 3209 dabitur
655 3145 722 3208 fera
739 3145 857 3231 praeda
875 3147 1014 3211 draconi.

153 3229 214 3294 hoc
232 3251 292 3315 ego
311 3228 337 3294 si
353 3231 466 3315 patiar,
484 3243 552 3293 tum
569 3254 621 3295 me
639 3231 677 3293 de
695 3230 809 3315 tigride
826 3244 944 3306 natam,

154 3325 221 3379 tum
238 3316 357 3380 sermm
376 3328 407 3380 et
424 3316 570 3400 scopulos
587 3326 712 3401 gestare
729 3316 762 3380 in
780 3317 873 3381 corde
890 3317 1024 3382 fatebor.

155 3423 211 3466 cur
227 3424 290 3465 non
309 3413 340 3465 et
357 3411 465 3486 specto
482 3412 679 3485 pereuntem,
698 3402 869 3485 oculosque
887 3403 1024 3467 videndo

104 3507 136 3556 35
155 3488 353 3552 conscelero?
370 3509 427 3551 cur
443 3509 507 3550 non
525 3497 631 3551 tauros
649 3487 796 3550 exhortor
812 3488 845 3551 in
863 3488 952 3552 illum

154 3574 388 3657 terrigenasque
406 3571 490 3636 feros
507 3571 740 3658 insopitumque
759 3573 946 3638 draconem?

155 3658 187 3721 di
204 3660 333 3722 meliora
351 3658 457 3722 velint.
501 3679 693 3741 quamquam
710 3681 774 3722 non
791 3659 851 3723 ista
868 3661 1037 3744 precanda,

155 3743 210 3808 sed
227 3742 372 3808 facienda
388 3742 474 3807 mihi.
556 3744 728 3828 prodamne
747 3767 806 3829 ego
823 3768 923 3830 regna
940 3746 1087 3830 parentis,

155 3841 250 3912 atque
269 3851 328 3914 ope
345 3829 451 3893 nescio
470 3829 539 3911 quis
557 3829 734 3893 servabitur
750 3830 872 3894 advena
889 3845 1007 3910 nostra,

104 3935 138 3985 ιο
155 3925 190 3977 ut
207 3936 264 3998 per
280 3937 331 3978 me
349 3936 456 3999 sospes
475 3915 541 3979 sine
559 3938 609 3979 me
628 3915 681 3978 det
697 3916 792 3980 lintea
810 3916 922 3989 ventis,

154 3999 265 4085 virque
282 4000 323 4065 sit
340 4000 481 4080 alterius,
499 4023 620 4088 poenae
638 4001 756 4068 Medea
774 4002 951 4089 relinquar?
