2574 4478
210 272 577 332 nsrsuonrnossou
593 272 665 329 nm.
683 270 762 329 xrv.
782 270 927 329 111-103.
1017 256 1079 325 239

57 398 218 463 desertum
236 398 397 480 quondam
414 397 525 461 mediis
543 397 598 481 qui
614 396 746 482 rupibus
764 398 889 461 Aetnae
1098 412 1148 463 100

57 483 160 547 noscit
178 482 453 560 Achaemeniden,
470 481 702 566 improvisoque
720 501 879 567 repertum

57 570 165 633 vivere
183 567 328 644 miratus,
348 568 416 651 ‘qui
435 579 466 633 te
484 589 616 633 casusve
634 569 752 632 deusve

57 664 177 730 servat,
195 653 451 718 Achaemenide?
469 652 538 717 cur'
556 653 658 737 inquit
675 652 825 716 ‘barbara
843 651 978 718 Graium

56 761 151 824 prora
168 738 273 803 vehit?
290 738 408 823 petitur
425 749 529 803 vestra
546 760 628 822 quae
646 750 729 802 terra
746 737 884 802 carinai'

56 825 132 888 talia
150 823 313 907 quaerenti
332 824 396 887 iarn
412 846 476 888 non
495 823 633 889 hirsutus
651 823 778 898 amictu,

57 910 121 973 iam
139 932 215 973 suus
234 920 266 974 01
283 909 381 994 spinis
400 919 543 973 conserto
561 909 700 992 tegmine
716 908 820 985 nullis,

57 995 144 1058 fatur
160 994 428 1059 Achaemenides:
447 994 575 1059 ‘iterum
592 993 814 1079 Polyphemon
832 1004 863 1058 et
880 993 950 1058 illos

57 1079 209 1165 aspiciam
226 1079 339 1143 fluidos
357 1079 496 1143 humano
514 1079 669 1164 sanguine
686 1079 793 1156 rictus,

57 1165 118 1229 hac
135 1164 213 1228 mihi
231 1164 258 1228 si
275 1163 378 1248 potior
395 1165 508 1229 domus
526 1176 574 1229 est
590 1164 763 1248 Ithaceque
781 1163 896 1241 carina,

58 1250 84 1313 si
102 1250 206 1314 minus
224 1250 359 1314 Aenean
377 1271 509 1314 veneror
526 1249 678 1335 genitore.
721 1271 781 1314 nec
799 1271 951 1333 umquam
1098 1270 1147 1319 110

56 1355 127 1400 esse
146 1335 221 1400 satis
239 1347 360 1419 potero,
377 1347 535 1418 praestem
551 1335 625 1399 licet
642 1334 762 1410 omnia,
779 1346 899 1418 gratus.

57 1420 144 1503 quod
161 1421 274 1504 loquor
292 1431 323 1485 01
344 1419 428 1505 spiro
447 1420 632 1503 caelumque
650 1431 682 1485 01
699 1419 802 1485 sidera
819 1419 892 1484 solis

57 1505 201 1590 respici0,
220 1505 379 1590 possimne
396 1505 539 1590 ingratus
558 1517 589 1570 et
606 1504 770 1570 immemor
788 1507 875 1570 csse?

57 1591 110 1655 ille
129 1590 229 1667 dedit,
247 1591 333 1674 quod
350 1613 414 1655 non
431 1590 537 1654 anima
553 1589 632 1656 haec
650 1588 801 1676 Cyclopis
817 1591 852 1654 in
869 1612 925 1655 ora

58 1676 159 1752 venit3
178 1686 209 1740 et
226 1676 342 1740 utiam
359 1698 443 1740 nuno
459 1676 568 1740 lumen
585 1676 680 1741 vitale
696 1677 887 1759 relinquam:
1098 1697 1145 1746 175

58 1774 113 1825 aut
131 1762 252 1824 tumulo
271 1771 326 1824 1111
343 1773 428 1826 00110
445 1783 509 1825 non
526 1761 580 1825 illa
598 1761 715 1826 condar
732 1761 764 1825 in
783 1762 864 1826 alv0.

57 1846 135 1930 quid
152 1846 230 1909 mihi
247 1857 322 1910 tuno
339 1846 437 1911 animi
453 1883 496 1892 —-
512 1847 574 1911 nisi
591 1848 618 1911 si
635 1848 729 1911 timor
747 1846 876 1910 abstulit
893 1868 1019 1912 omnem

59 1954 186 1996 sensum
203 1931 406 2014 animumque
424 1931 557 2007 -fuit,
576 1953 649 1996 oum
666 1953 722 1996 vos
740 1943 848 2016 petere
865 1933 929 1997 alta
945 1933 1073 1998 relictus

58 2038 197 2100 aequora
214 2016 382 2102 conspexi?
408 2016 495 2081 volui
511 2017 696 2094 inclamare,
715 2017 771 2081 sed
789 2017 871 2081 hosti

57 2103 190 2189 prodere
208 2125 258 2166 me
276 2100 376 2167 timui.
419 2113 543 2168 vestrae
560 2122 687 2186 quoque
705 2103 823 2167 clamor
839 2100 944 2166 Ulixis
1098 2125 1146 2174 180

57 2210 159 2272 paene
176 2187 235 2251 rati
249 2188 369 2253 'nocuit
413 2188 492 2264 vidi,
511 2210 584 2253 cum
601 2199 708 2252 monte
725 2188 886 2252 revulsum

57 2274 228 2338 immanem
246 2273 409 2359 scopulum
426 2272 547 2337 medias
565 2273 706 2357 permisit
723 2274 757 2337 in
774 2272 889 2337 undas:

58 2358 123 2423 vidi
140 2359 254 2422 iterum
272 2359 369 2424 veluti
387 2358 534 2424 tormenti
551 2358 671 2422 viribus
689 2370 759 2422 1011

57 2455 149 2509 vasta
167 2442 328 2528 Giganteo
345 2444 535 2509 iaculantem
553 2466 630 2508 saxa
647 2444 774 2519 lacerto,

58 2541 104 2606 et,
123 2552 164 2594 ne
182 2529 369 2614 deprimeret
385 2530 539 2595 fluctusve
555 2529 677 2593 ictusve
694 2528 842 2605 carinam,

57 2614 220 2698 pertimui,
237 2614 300 2679 iam
319 2638 369 2679 me
386 2637 450 2679 non
468 2637 536 2680 esse
554 2614 670 2678 oblitus
687 2614 720 2678 in
737 2615 800 2678 illa.

55 2708 92 2761 ut
109 2718 183 2761 vero
201 2695 279 2780 fuga
297 2718 352 2760 vos
371 2719 390 2760 a
408 2707 494 2760 certa
511 2706 610 2759 morte
627 2695 763 2769 reduxit,

57 2785 111 2848 ille
130 2784 258 2867 quidem
276 2794 375 2847 totam
392 2783 617 2849 fremebundus
635 2783 820 2848 obambulat
836 2783 977 2849 Aetnam

58 2880 330 2955 praetemptatque
347 2891 443 2933 manu
461 2869 556 2934 silvas
573 2880 605 2934 et
621 2869 748 2934 luminis
766 2871 862 2934 orbus

57 2953 190 3038 rupibus
207 2955 359 3030 incursat,
377 2954 566 3037 foedataque
584 2954 732 3019 bracchia
749 2956 825 3019 tabo
1098 2976 1146 3026 100

57 3038 91 3103 in
109 3062 196 3104 mare
213 3038 402 3124 protendens
420 3050 548 3124 gentem
565 3051 729 3105 execratur
745 3040 909 3108 Achivam.

58 3137 154 3207 atque
172 3124 215 3188 ait
233 3131 278 3188 “o
296 3125 322 3188 si
339 3124 410 3207 quis
427 3124 543 3189 referat
560 3124 638 3188 mihi
656 3147 747 3190 casus
765 3125 893 3191 Ulixem

57 3221 114 3275 aut
133 3209 270 3293 aliquem
288 3231 305 3274 0
324 3210 431 3286 sociis,
448 3209 482 3274 in
499 3232 593 3293 quem
611 3233 682 3274 mea
698 3211 818 3276 saeviat
834 3211 892 3287 ira,

57 3295 181 3360 viscera
199 3295 288 3359 cuius
305 3296 412 3371 edam,
430 3295 519 3360 cuius
537 3295 675 3360 viventia
693 3297 803 3360 dextra

56 3380 201 3445 membra
217 3404 288 3446 mea
304 3380 434 3456 laniem,
453 3380 542 3446 cuius
560 3380 637 3444 mihi
655 3381 783 3465 sanguis
801 3380 933 3445 inundet
1096 3403 1143 3452 195

56 3476 182 3551 guttur,
200 3478 232 3530 et
250 3465 318 3530 elisi
335 3467 491 3551 trepident
508 3466 568 3530 sub
587 3466 733 3531 dentibus
751 3465 851 3530 artusl

56 3574 156 3634 quam
172 3551 295 3616 nullum
312 3562 367 3616 aut
383 3552 453 3616 leve
471 3551 511 3616 sit
529 3551 679 3615 damnum
696 3551 774 3615 mihi
789 3551 869 3615 lucis
887 3550 1092 3636 ademptae1'’

56 3637 137 3701 haec
155 3648 186 3700 01
203 3637 295 3722 plura
312 3637 410 3702 ferox.
454 3659 504 3700 me
521 3636 642 3701 luridus
660 3646 794 3722 occupat
811 3636 921 3701 horror

56 3732 253 3806 spectantem
271 3723 376 3787 vultus
394 3721 566 3787 etiamnum
583 3723 679 3787 caede
697 3721 859 3787 madentes

56 3807 265 3891 crudelesque
282 3830 395 3872 manus
413 3821 445 3872 et
460 3807 586 3872 inanem
603 3807 731 3872 luminis
749 3806 858 3872 orbem
1093 3828 1142 3879 100

56 3893 263 3977 membraque
281 3904 313 3958 et
330 3893 468 3958 humano
486 3903 664 3958 concretam
681 3892 835 3977 sanguine
852 3893 995 3958 barbam.

56 4000 143 4043 mors
161 3990 227 4043 0111
245 3991 319 4044 ante
336 3979 456 4056 oculos,
474 3977 639 4043 minimum
656 3989 762 4043 tamen
779 3977 833 4044 illa
849 3979 1015 4045 malorum.

55 4076 88 4132 et
104 4064 169 4131 iam
186 4086 389 4153 pransurum,
406 4065 470 4131 11111
487 4085 572 4130 nunc
588 4086 660 4132 mea
676 4065 798 4131 viscera
814 4065 907 4132 rebar
