2574 4478
225 269 594 330 METAMORPHOSEON
611 272 683 327 LIB.
703 273 752 331 IV.
772 274 915 330 624-711.
1042 260 1081 326 71

54 397 257 484 Aethiopum
274 398 409 483 populos
429 393 622 482 Cepheaque
641 398 792 483 conspicit
809 422 894 464 arva.

54 485 123 550 illic
140 483 330 549 immeritam
347 494 509 548 maternae
526 484 665 568 pendere
681 484 810 569 linguae

55 571 290 635 Andromedan
341 591 436 634 oenas
453 569 588 634 iniustus
606 569 739 634 iusserat
757 572 928 634 Hammon.

56 680 157 741 quam
175 656 305 721 simula
345 655 439 721 duras
457 655 623 740 religatam
641 655 787 720 bracchia
805 666 912 719 cautes

57 743 139 808 vidit
157 741 355 807 Abantiades
378 739 450 818 (nisi
468 742 554 824 quod
571 741 649 806 levis
667 763 744 806 aura
762 741 890 825 capillos

57 841 203 893 moverat
233 841 264 891 et
284 825 391 913 tepido
408 828 580 890 manabant
595 827 716 890 lumina
732 827 818 902 fletu,

56 935 272 978 marmoreum
289 923 377 977 ratus
395 923 478 976 esset
495 917 599 998 opus),
630 912 724 976 trahit
741 913 858 976 inscius
876 911 966 996 ignes

58 1011 91 1066 et
109 1011 216 1085 stupet
234 1011 265 1063 et
282 998 368 1063 visae
387 1008 549 1083 correptus
566 998 705 1083 imagine
723 997 844 1063 formae

57 1108 160 1172 paene
179 1107 252 1149 suas
271 1094 399 1168 quatere
418 1094 466 1148 est
483 1083 599 1148 oblitus
617 1085 649 1146 in
667 1089 739 1149 ae're
755 1106 886 1169 pennas.

57 1183 95 1236 ut
112 1171 210 1246 stetit,
229 1169 277 1233 ‘o’
296 1169 376 1233 dixit
394 1175 471 1233 ‘non
488 1169 556 1232 istis
574 1169 671 1254 digna
689 1170 817 1246 catenis,

58 1257 117 1322 sed
135 1255 251 1340 quibus
268 1254 351 1320 inter
367 1277 401 1319 se
419 1254 527 1339 cupidi
543 1254 718 1340 iunguntur
734 1267 886 1333 amantes,

58 1342 165 1430 pande
182 1339 354 1425 requirenti
370 1362 486 1404 nomen
504 1351 668 1424 terraeque
686 1352 848 1426 tuumque,

59 1440 91 1494 et
108 1450 167 1493 cur
183 1426 288 1491 vincla
305 1425 417 1511 geras?
460 1425 562 1511 primo
580 1426 650 1490 silet
666 1427 720 1490 illa
737 1449 796 1492 nec
813 1426 909 1492 audet

59 1514 220 1601 appellare
237 1511 341 1576 virum
358 1512 448 1596 virgo
454 1535 463 1588 ;
482 1512 691 1595 manibusque
709 1513 868 1579 modestos

59 1601 194 1665 celasset
211 1599 332 1674 vultus,
350 1596 457 1661 sinon
474 1597 607 1682 religata
624 1596 744 1663 fuisset.

57 1685 194 1761 lumina,
212 1683 298 1767 quod
315 1682 431 1770 potuit,
449 1682 586 1748 lacrimis
603 1682 745 1769 implevit
762 1683 889 1750 obortis.

59 1771 186 1856 saepius
204 1769 348 1846 instanti,
366 1791 425 1833 sua
440 1791 481 1833 ne
500 1767 614 1834 delicta
629 1769 722 1834 fateri

57 1858 143 1923 nolle
160 1855 331 1933 videretur,
347 1876 464 1919 nomen
481 1865 645 1938 terraeque
662 1876 830 1939 suumque,

58 1952 242 2027 quantaque
259 1951 419 2005 maternae
436 1939 533 2005 fuerit
548 1940 665 2006 fiducia
681 1941 812 2019 formae,

57 2028 187 2093 indicat.
231 2038 263 2091 et
279 2026 421 2091 nondum
437 2025 619 2091 memoratis
636 2026 782 2092 omnibus
800 2028 886 2091 unda

57 2113 215 2191 insonuit,
232 2112 427 2196 veniensque
443 2112 598 2177 immenso
616 2111 712 2178 belua
727 2123 824 2197 ponto

56 2200 202 2265 imminet
219 2209 251 2264 et
266 2198 366 2263 latum
384 2197 444 2262 sub
462 2208 589 2299 pectore
605 2199 746 2284 possidet
763 2220 891 2281 aequor.

58 2287 236 2351 conclamat
256 2283 356 2369 virgo.
400 2295 524 2369 gemtor
539 2284 685 2369 lugubris
703 2294 734 2349 et
751 2306 816 2348 una

57 2382 160 2436 mater
178 2370 281 2446 adest,
300 2369 394 2433 ambo
411 2369 531 2445 miseri,
550 2369 607 2434 sed
624 2368 737 2435 iustius
755 2370 818 2434 illa.

57 2480 117 2523 nec
135 2478 245 2522 secum
262 2454 428 2530 auxilium,
446 2456 503 2520 sed
520 2455 633 2541 dignos
652 2467 792 2541 tempore
809 2455 902 2521 fletus

56 2546 307 2629 plangoremque
325 2541 432 2605 ferunt
447 2541 616 2625 vinctoque
633 2542 666 2605 in
684 2563 813 2626 corpore
831 2541 1012 2622 adhaerent,

57 2651 132 2694 cum
150 2627 196 2693 sic
213 2627 327 2711 hospes
346 2625 402 2690 ait:
422 2626 636 2691 ‘lacrimarum
653 2628 748 2712 longa
765 2650 892 2692 manere

57 2726 203 2800 tempora
219 2734 276 2776 vos
293 2723 454 2796 poterunt;
473 2711 514 2776 ad
527 2735 620 2797 opem
633 2713 738 2777 brevis
756 2713 834 2776 hora
846 2712 1009 2779 ferendam
1022 2725 1078 2780 est.
1098 2736 1146 2786 695

57 2801 140 2865 hanc
158 2820 221 2884 ego
239 2797 266 2862 si
282 2808 422 2883 peterem
439 2797 576 2863 Perseus
595 2799 672 2863 Iove
689 2808 781 2862 natus
800 2810 831 2863 et
848 2800 911 2876 illa,

57 2908 155 2970 quam
174 2885 314 2948 clausam
331 2883 474 2968 implevit
490 2883 627 2948 fecundo
644 2884 789 2970 Iuppiter
805 2907 893 2962 auro,

58 2969 223 3056 Gorgonis
241 2969 447 3054 anguicomae
465 2968 603 3034 Perseus
620 2982 794 3055 superator,
813 2987 844 3036 et
860 2971 918 3035 alis

58 3055 216 3122 aetherias
234 3077 329 3119 ausus
346 3054 469 3118 iactatis
486 3054 532 3119 ire
549 3077 607 3141 per
623 3079 726 3132 auras,

56 3141 236 3229 praeferrer
252 3139 373 3205 cunctis
392 3151 475 3205 certe
492 3139 604 3226 generi
648 3142 763 3206 addere
781 3143 875 3207 tantis
1098 3167 1147 3216 too

57 3228 187 3293 dotibus
205 3226 413 3303 emeritum,
431 3226 559 3291 faveant
576 3227 671 3292 modo
688 3228 828 3304 numina,
846 3239 976 3315 tempto.

57 3325 93 3379 ut
110 3335 185 3378 mea
202 3312 257 3389 sit,
275 3322 400 3377 servata
416 3334 487 3376 mea
504 3311 634 3388 virtute,
652 3313 815 3399 paciscor.’

57 3399 221 3485 accipiunt
236 3398 340 3483 legem
358 3396 444 3481 (quis
461 3397 545 3463 enim
563 3398 754 3484 dubitareti)
772 3412 803 3465 et
819 3413 910 3465 orant

56 3484 309 3571 promittuntque
326 3505 421 3568 super
437 3506 572 3569 regnum
590 3483 694 3550 dotale
711 3496 867 3570 parentes.

58 3593 132 3637 ecce
150 3568 240 3634 velut
256 3569 345 3633 navis
362 3568 503 3654 praefixo
522 3570 643 3634 concita
660 3582 760 3635 rostro
1096 3595 1145 3646 705

57 3657 160 3722 sulcat
177 3676 290 3738 aquas,
307 3654 458 3719 iuvenum
477 3656 662 3720 sudantibus
680 3668 750 3721 acta
767 3656 901 3735 lacertis,

57 3742 103 3807 sic
120 3742 191 3807 fera
209 3739 335 3804 dimotis
352 3741 491 3826 impulsu
507 3743 642 3826 pectoris
659 3743 752 3806 undis

57 3839 183 3893 tantum
201 3825 310 3891 aberat
328 3826 479 3911 scopulis,
497 3837 650 3909 quantum
666 3827 832 3892 Balearica
848 3839 929 3893 torto

56 3914 158 3978 funda
175 3922 280 3998 potest
295 3912 426 3997 plumbo
444 3911 540 3976 medii
558 3914 767 3977 transmittere
785 3913 877 3978 caeli:

57 4021 131 4065 cum
148 3997 256 4064 subito
272 3996 395 4061 iuvenis
413 3997 547 4098 pedibus
565 4000 676 4063 tellure
692 3998 820 4084 repulsa

56 4086 176 4152 arduus
192 4083 228 4150 in
243 4082 346 4150 nubes
363 4083 450 4148 abitt.
493 4094 529 4150 ut
545 4083 579 4149 in
596 4106 731 4172 aequore
750 4106 873 4151 summo
