2574 4478
248 291 613 351 METAMORPHOSEON
629 291 702 347 LIB.
721 291 799 348 XIV.
818 290 962 347 468-555.
1057 277 1120 340 247

139 419 303 482 Hactenus
323 416 473 484 Oenides.
517 417 663 483 Venulus
682 413 858 500 Calydonia
875 437 974 514 regna
1073 413 1178 474 (Pastor

97 502 329 586 Peucetiosque
347 504 433 569 sinus
451 503 678 588 Messapiaque
697 525 772 565 arva
789 500 947 583 relinquit.
1069 478 1189 550 Apulus.)

96 590 129 652 in
147 589 262 672 quibus
280 601 370 653 antra
387 589 487 665 videt,
506 610 587 670 quae
605 588 706 652 multa
722 586 832 651 nubila
849 585 930 650 silva

97 687 128 739 et
145 674 269 739 levibus
287 675 395 739 cannis
413 676 568 739 latitantia
582 673 757 759 semicaper
772 671 844 736 Pan
1138 688 1188 739 515

96 782 182 825 nuuc
200 770 299 825 tenet:
318 769 351 824 at
367 761 506 843 quodam
523 768 693 824 tenuerunt
709 768 851 842 tempore
869 756 1038 842 nymphae.

96 845 225 930 Apulus
242 845 300 909 has
318 845 372 910 illa
388 856 496 930 pastor
513 845 642 929 regione
659 845 786 929 fugatas

97 931 208 995 terruit
226 941 257 995 et
274 931 376 1017 primo
394 931 500 995 subita
516 929 683 995 formidine
701 930 813 993 movit:

98 1039 187 1092 mox,
205 1016 261 1080 uhi
280 1039 368 1081 mens
386 1016 479 1080 rediit
497 1026 529 1081 et
546 1026 763 1100 contempsere
781 1025 977 1097 sequentem,

97 1103 138 1165 ad
156 1124 324 1166 numerum
340 1102 433 1166 motis
451 1101 585 1188 pedibus
604 1101 723 1166 duxere
742 1100 881 1165 choreas.
1139 1119 1190 1170 520

96 1188 255 1271 improbat
272 1187 329 1251 has
347 1197 455 1272 pastor
472 1187 617 1270 saltuque
635 1187 774 1250 imitatus
793 1185 908 1270 agresti

97 1272 219 1337 addidit
236 1273 381 1338 obscenis
399 1272 541 1337 convicia
558 1271 675 1336 rustica
693 1271 796 1345 dictis,

97 1380 157 1422 nec
174 1358 262 1442 prius
274 1379 310 1421 os
321 1358 430 1434 tacuit,
446 1380 542 1442 quam
559 1367 689 1443 guttura
707 1356 846 1421 condidit
863 1355 967 1422 arbor.

97 1443 192 1507 arhor
209 1443 293 1508 enim
311 1456 372 1520 est3
391 1464 530 1528 sucoque
547 1443 622 1508 licet
638 1464 829 1528 cognoscere
846 1464 959 1506 mores.

98 1528 217 1612 quippe
234 1540 342 1592 notam
358 1529 486 1615 linguae
507 1528 592 1594 foliis
610 1529 744 1594 oleaster
761 1527 875 1592 amaris
1140 1549 1189 1598 525

98 1614 240 1679 exhibet:
260 1614 412 1699 asperitas
430 1614 599 1680 verborum
617 1615 711 1680 cessit
727 1614 761 1677 in
777 1614 842 1678 illa.

141 1699 228 1763 Hinc
245 1699 300 1762 ubi
318 1699 414 1784 legati
432 1701 567 1778 rediere,
585 1712 701 1786 negata
718 1699 855 1764 ferentes
988 1715 1091 1768 Aeneae
1102 1732 1188 1769 naver.

99 1807 187 1849 arma
204 1785 320 1849 Aetola
338 1786 413 1862 sibi,
432 1785 544 1851 Rutuli
561 1785 629 1850 sine
647 1786 767 1849 viribus
784 1785 846 1848 illis

98 1871 182 1935 bella
200 1869 353 1934 instructa
370 1882 498 1956 gerunt:
517 1872 715 1954 multumque
733 1872 773 1935 ab
792 1883 925 1953 utraque
943 1872 1062 1935 cruoris

98 1967 188 2041 parte
206 1955 308 2020 datur.
352 1955 414 2021 fert
432 1978 505 2022 ecce
522 1957 631 2021 avidas
649 1957 682 2020 in
700 1956 794 2041 pinea
811 1955 939 2020 Turnus
1141 1977 1190 2027 530

99 2051 187 2106 texta
204 2041 304 2118 faces3
322 2041 476 2127 ignesque
494 2043 619 2119 timent,
637 2042 751 2125 quibus
769 2041 855 2105 unda
873 2041 1023 2126 pepercit.

98 2127 226 2209 iamque
245 2127 347 2211 picem
365 2139 396 2192 et
415 2150 502 2192 ceras
521 2128 730 2210 alimentaque
749 2137 853 2192 cetera
869 2127 1016 2192 flammae

99 2212 260 2277 Mulciber
277 2213 390 2277 urebat
406 2234 526 2297 perque
543 2213 643 2277 altum
660 2213 702 2277 ad
719 2212 849 2277 carbasa
867 2213 986 2278 malum

98 2297 180 2374 ibat,
199 2309 231 2362 et
248 2298 397 2363 incurvae
415 2298 582 2362 fumabant
591 2299 680 2382 tigna
695 2296 832 2362 carinae:

100 2405 174 2448 cum
192 2405 313 2448 memor
331 2384 387 2448 has
405 2384 500 2469 pinus
517 2384 615 2448 Idaeo
634 2386 750 2448 vertice
768 2404 876 2448 caesas

99 2479 210 2533 sancta
228 2469 324 2534 deum
340 2469 485 2554 genetrix
502 2469 668 2534 tinnitibus
685 2474 759 2534 ae'ra
775 2468 858 2554 pulsi

100 2553 181 2619 aeris
201 2565 233 2619 et
249 2554 350 2619 inflati
369 2555 537 2654 complevit
554 2577 715 2620 murmure
732 2554 819 2630 buxi,

98 2661 219 2725 perque
237 2640 323 2705 leves
341 2640 467 2704 domins
485 2640 609 2706 invecta
625 2641 770 2706 leonibus
789 2663 882 2704 auras

101 2725 204 2789 ‘irrita
222 2725 376 2811 sacrilega
393 2726 491 2790 iactas
509 2726 655 2791 incendia
671 2727 792 2802 dextra,

99 2810 229 2886 Tume‚’
248 2812 301 2876 ait.
346 2811 490 2898 ‘eripiam
496 2837 505 2889 3
524 2835 583 2877 nec
600 2836 652 2877 me
669 2812 808 2899 patiente
827 2812 980 2877 cremabit

99 2896 184 2981 ignis
202 2896 283 2960 edax
300 2919 467 2962 nemorum
484 2909 589 2982 partes
608 2909 639 2962 et
656 2898 798 2963 membra
815 2898 978 2962 meorum.'

98 2982 236 3046 intonuit
255 2983 378 3048 dicente
396 2983 469 3060 dea,
487 2983 700 3066 tonitrumque
718 2984 818 3048 secuti

101 3089 175 3131 cum
193 3067 324 3133 saliente
341 3091 455 3153 graves
473 3069 654 3134 ceciderunt
671 3068 825 3153 grandine
842 3070 956 3134 nimbi:

100 3158 238 3234 aeraque
256 3165 288 3219 et
305 3154 461 3218 tumidum
479 3154 590 3219 subitis
608 3154 812 3218 concursibus
831 3176 949 3238 aequor

99 3238 230 3303 Astraei
246 3239 375 3304 turbant
393 3250 424 3304 et
442 3251 517 3304 eunt
534 3240 567 3303 in
584 3239 703 3325 proelia
720 3239 843 3304 fratres.

100 3348 118 3389 e
137 3323 254 3408 quibus
272 3325 356 3389 alma
373 3348 486 3410 parens
504 3325 598 3389 unius
616 3324 735 3389 viribus
754 3348 822 3400 usa,

99 3421 237 3494 stuppea
253 3411 415 3495 praerupit
431 3410 593 3495 Phrygiae
610 3410 783 3474 retinacula
801 3409 909 3475 classis

51 3570 55 3575 ¹
99 3495 226 3578 fertque
244 3508 326 3561 rates
344 3517 459 3580 pronas
476 3496 644 3579 medioque
661 3495 722 3560 sub
739 3517 875 3579 aequore
893 3495 1016 3582 mergit.

99 3581 215 3644 robore
233 3581 353 3645 mollito
374 3581 524 3666 lignoque
541 3581 574 3644 in
593 3602 725 3665 corpora
742 3602 843 3658 verso,

98 3666 133 3729 in
151 3664 290 3750 capitum
308 3666 405 3730 facies
424 3689 546 3751 puppes
564 3677 725 3731 mutantur
742 3667 894 3744 aduncae,

99 3751 133 3814 in
152 3751 268 3836 digitos
287 3751 405 3816 abeunt
422 3763 454 3816 et
471 3773 563 3816 crura
580 3752 721 3816 natantia
738 3752 826 3828 remi,

99 3836 249 3920 quodque
266 3836 354 3918 prius
371 3837 489 3914 fuerat,
506 3838 590 3901 latus
608 3850 665 3902 est.
709 3837 885 3920 mediisque
902 3837 1009 3903 carina

100 3922 228 3986 subdita
246 3921 380 4008 navigiis
399 3923 508 4008 spinae
525 3933 667 3987 mutatur
683 3922 717 3987 in
734 3946 827 3988 usum
833 3947 842 4000 ;

98 4006 164 4073 lina
182 4029 291 4073 comae
308 4009 433 4084 molles,
452 4021 618 4074 antemnae
636 4009 783 4073 bracchia
800 4008 894 4087 fiunt3

99 4094 261 4173 caerulus,
280 4093 449 4170 minorat,
467 4095 553 4162 color
571 4105 628 4160 est.
672 4115 814 4180 quasque
832 4105 905 4164 ante
923 4094 1089 4176 timebant,
1142 4116 1196 4166 aar
