2574 4478
175 185 541 245 METAMORPHOSEON
557 187 630 243 LIB.
649 188 729 244 XIII.
747 187 892 245 toa-646.
983 172 1045 239 227

70 337 94 379 a
111 313 220 378 favilla
238 313 323 377 volat
340 313 578 398 glomerataque
596 334 709 396 corpus
726 312 759 376 in
777 335 877 377 unum

70 410 175 465 nsetur
191 398 369 481 faciemque
387 399 484 484 capit,
503 398 660 481 sumitque
678 398 815 462 calorem

70 508 121 569 [ue
139 484 277 548 animam
295 507 334 549 ex
351 484 428 569 igni.
471 483 583 549 levitas
601 506 658 548 sua
675 483 820 568 praebuit
838 482 913 548 alas.
1065 501 1113 550 605

73 570 176 656 primo
195 568 304 633 similis
322 569 457 646 volucri,
474 591 549 632 mox
566 591 642 634 vera
660 568 795 632 volucris

70 655 165 719 tonuit
181 655 307 740 pennis:
324 655 442 740 pariter
459 676 593 719 sonuere
611 676 732 718 sorores

70 763 223 817 rumerae,
242 739 358 823 quibus
376 751 424 806 est
441 740 552 805 eadem
569 739 682 804 natalis
701 737 799 839 origo.

70 848 135 910 que
153 848 266 910 rogum
283 827 431 901 lustrant,
450 836 481 890 et
498 847 655 890 consonus
673 824 737 889 exit
754 848 786 888 m
804 846 898 889 auras

70 939 71 948 ¹
89 912 233 996 clangor3
252 923 363 994 quarto
380 911 535 976 seducunt
552 921 655 974 castra
672 910 793 974 volatu:

70 1019 92 1060 n
110 996 173 1061 duo
192 997 317 1061 diversa
333 995 442 1082 populi
461 995 500 1060 de
517 1007 606 1081 parte
624 996 745 1060 feroces

70 1082 108 1146 lla
124 1095 256 1166 gerunt,
273 1082 446 1165 rostrisque
463 1091 495 1146 et
512 1080 643 1146 aduncis
660 1079 821 1165 unguibus
838 1078 901 1144 iras

70 1180 185 1243 arcent,
203 1168 332 1249 alasque
349 1167 544 1250 adversaque
561 1177 690 1251 pectora
706 1167 839 1231 lassantz

70 1252 218 1336 'eriaeque
237 1253 354 1317 cadunt
372 1251 468 1318 cineri
486 1262 621 1338 cognata
638 1250 761 1336 sepulto

70 1360 171 1423 epora,
189 1359 287 1421 seque
304 1338 371 1402 viro
389 1336 463 1402 forti
480 1337 651 1403 meminere
669 1346 799 1401 creatas.

70 1422 226 1509 tapetibus
244 1422 355 1487 subitis
373 1445 488 1488 nomen
505 1422 583 1488 facit
600 1432 718 1487 auctor.
762 1419 874 1484 abillo

70 1508 247 1573 emnonides
266 1508 383 1584 dictae,
401 1531 474 1572 cum
493 1509 539 1572 sol
558 1507 704 1572 duodena
720 1504 844 1592 peregit

70 1617 130 1672 na,
149 1593 304 1677 parentali
320 1593 490 1658 moriturae
511 1593 583 1657 luce
599 1592 762 1658 rebellant.

70 1701 101 1764 go
119 1678 188 1743 aliis
205 1679 338 1742 latrasse
355 1677 552 1762 Dymantida
568 1678 674 1742 flebile
691 1679 795 1741 visum
813 1685 875 1742 este

70 1764 161 1829 :tibus
179 1775 226 1828 est
243 1764 371 1828 Aurora
388 1765 453 1827 suis
470 1764 601 1839 intenta,
618 1762 751 1848 piasque
1064 1779 1115 1829 620

69 1872 108 1914 nc
126 1870 254 1932 quoque
272 1848 326 1913 dat
342 1848 488 1913 lacrimas
506 1858 536 1912 et
553 1858 619 1913 toto
637 1860 723 1913 rorat
738 1847 771 1912 in
789 1847 875 1911 orbe.

70 1935 140 1999 Non
157 1945 264 1998 tamen
282 1956 425 2000 eversam
442 1934 557 1998 Troiae
575 1955 648 1998 cum
665 1932 831 1998 moenibus
849 1953 918 1997 esse
1004 1945 1113 2000 Aeneas.

70 2043 112 2086 em
131 2041 258 2104 quoque
275 2020 343 2084 fata
360 2019 476 2083 sinunt.
520 2040 610 2084 sacra
628 2031 669 2096 et,
687 2040 778 2083 sacra
795 2019 903 2095 altera,
921 2024 1043 2101 patrem

70 2118 85 2170 t
102 2105 234 2182 umeris,
253 2104 433 2171 venerabile
451 2126 546 2182 onus,
564 2102 754 2190 Cythereius
771 2102 874 2168 heros·

81 2190 177 2255 tantis
194 2189 308 2275 opibus
325 2190 476 2277 praedam
492 2190 565 2275 pius
583 2189 671 2274 eligit
687 2189 774 2253 illam
1065 2207 1115 2259 625

73 2276 263 2360 caniumque
281 2299 389 2353 suurn,
406 2275 606 2361 profugaque
624 2298 681 2360 per
698 2295 837 2357 aequora
854 2273 953 2340 classe

71 2373 125 2426 tur
143 2362 183 2426 ab
201 2361 384 2439 Antandro,
402 2362 618 2443 scelerataque
635 2358 745 2424 limina
761 2358 923 2425 Thracum

72 2447 253 2531 Polydoreo
271 2457 453 2512 manantem
470 2445 625 2530 sanguine
642 2455 758 2510 terram

70 2533 152 2616 quit,
170 2543 202 2596 et
219 2532 349 2597 utilibus
368 2532 470 2597 ventis
489 2541 642 2615 aestuque
660 2530 800 2595 secundo

70 2630 120 2682 rat
136 2616 354 2702 Apollineam,
373 2617 466 2683 sociis
485 2616 718 2693 comitantibus,
736 2616 858 2681 urbem.
1066 2633 1116 2684 630

69 2725 109 2768 no
126 2702 246 2780 Anius,
265 2725 328 2786 quo
345 2725 421 2788 rege
439 2702 598 2779 homines,
617 2701 754 2768 antistite
770 2700 922 2768 Phoebus
1003 2714 1116 2783 (Anius.)

70 2809 80 2851 e
99 2787 270 2864 colebatur,
288 2791 404 2874 templo
427 2811 468 2854 ue
485 2789 641 2872 domoque
658 2788 787 2872 recepit,

70 2890 199 2951 remque
217 2870 354 2934 ostendit
372 2811 568 2954 delubraque
585 2882 660 2935 nota
678 2871 821 2955 duasque

70 2966 152 3018 aona
170 2953 330 3037 quondam
348 2954 460 3041 stirpes
477 2956 619 3041 pariente
637 2967 784 3022 retentas.

70 3063 94 3105 ·e
112 3039 186 3103 dato
204 3039 339 3103 flammis
356 3039 495 3124 vinoque
512 3040 545 3104 in
563 3052 634 3106 tura
651 3042 782 3128 profuso

70 3146 251 3206 {serumque
269 3124 366 3188 boum
384 3125 471 3190 fibris
489 3125 529 3190 de
546 3149 634 3192 more
652 3128 809 3204 crematis,

70 3211 112 3295 gia
129 3221 212 3274 tecta
229 3220 355 3294 petunt,
374 3210 531 3295 positique
549 3211 706 3296 tapetibus
725 3213 795 3278 altis

70 3318 156 3360 mera
173 3317 245 3358 cum
262 3294 382 3378 liquido
402 3296 529 3380 capiunt
548 3293 692 3363 Cerealia
709 3297 848 3364 Baccho.

70 3402 99 3445 rc
117 3381 189 3466 pius
206 3380 378 3446 Anchises:
398 3388 431 3445 ‘o
449 3381 574 3446 Phoebi
590 3383 670 3448 lecte
689 3383 845 3461 sacerdos,

70 3468 115 3531 lor
133 3489 174 3529 an
193 3476 224 3529 et
241 3476 365 3542 natum,
385 3489 458 3531 cum
475 3467 612 3553 primum
629 3468 709 3533 haec
725 3470 850 3534 moenia
868 3469 943 3546 vidi,
1065 3489 1115 3540 640

71 3573 135 3635 que
154 3550 232 3614 duas
250 3562 357 3629 natas,
376 3562 530 3634 quantum
547 3553 739 3631 reminiscor,
757 3553 930 3620 habebasl'

70 3637 97 3702 ic
114 3636 220 3700 Anius
237 3636 337 3701 niveis
356 3637 549 3703 circumdata
567 3650 709 3725 tempora
726 3639 811 3704 vittis

70 3721 205 3788 rcutiens
223 3731 254 3786 et
272 3721 368 3787 tristis
387 3722 444 3787 ait:
463 3730 540 3788 ‘non
558 3723 691 3801 falleris,
709 3724 801 3789 heros

70 3808 170 3873 nime.
214 3807 320 3872 vidisti
337 3818 482 3872 natorum
500 3807 641 3894 quinque
658 3821 832 3896 parentem,

70 3917 118 3960 em
135 3915 220 3958 nunc
237 3896 340 3976 (tanta
356 3892 500 3961 homines
517 3917 623 3960 rerum
640 3895 849 3962 inconstantia
866 3898 987 3986 versat)
1063 3918 1113 3969 645

70 3979 228 4047 merides
247 3979 369 4045 orbum.
414 3980 500 4065 quod
518 3980 601 4047 enim
619 3980 696 4047 mihi
713 3982 796 4048 filius
815 3982 929 4051 absens

822 4083 873 4140 15·
