2574 4478
172 289 236 361 220
505 304 538 363 Ρ.
558 303 682 364 OVIDII
699 300 863 364 NASONIS

103 436 152 489 295
173 427 334 518 [postulat
352 438 386 493 ut
403 429 517 516 capiat,
534 451 616 513 quae
632 451 697 494 non
711 428 874 515 intellegit,
892 453 981 494 arma
987 425 1010 515 l]
1030 463 1074 479 -

173 516 250 600 quid
267 518 353 601 quod
371 541 435 594 me,
454 518 525 582 duri
541 517 716 604 fugientem
733 541 866 584 munera
882 518 968 597 belli,

78 634 81 639 ·
174 603 278 688 arguit
294 603 420 687 incepto
438 626 543 668 serum
560 603 729 669 accessisse
746 603 858 681 labori,

172 711 232 752 nec
250 710 284 752 se
301 689 504 774 magnanimo
522 689 709 755 maledicere
726 689 821 754 sentit
837 689 975 755 Achilli?

149 835 153 842 .
173 773 200 837 si
218 772 381 838 simulasse
399 785 491 839 vocat
508 775 639 840 crimen:
658 774 874 840 simulavimus
892 776 997 842 ambo.

106 877 156 927 300
174 858 201 923 si
218 880 306 923 mora
323 880 380 943 pro
399 861 493 945 eulpa
510 870 571 924 est:
590 881 651 946 ego
669 882 739 925 sum
757 861 907 926 maturior
923 861 988 927 illo.

172 967 224 1009 me
241 944 295 1029 pia
313 944 445 1009 detinuit
463 945 614 1022 coniunx,
632 945 686 1031 pia
702 956 803 1012 mater
819 946 994 1012 Achillem:

172 1029 337 1178 primaque
354 1041 428 1094 sunt
444 1030 505 1095 illis
523 1030 597 1095 data
614 1042 769 1117 tempora,
788 1043 892 1097 cetera
908 1032 1010 1099 vobis.

196 1115 259 1179 aud
276 1115 381 1191 timeo,
400 1116 427 1179 si
444 1115 508 1180 iam
525 1138 680 1200 nequeam
698 1117 878 1194 defendere,
885 1117 1004 1184 crimen

174 1223 247 1265 cum
264 1212 352 1265 tanto
370 1223 536 1267 commune
553 1203 630 1267 viro·
674 1203 846 1288 deprensus
864 1202 971 1267 Ulixis

106 1304 155 1355 805
172 1286 301 1372 ingenio
318 1298 424 1351 tamen
441 1288 508 1352 ille:
526 1299 558 1352 at
574 1309 638 1352 non
656 1288 765 1353 Aiacis
782 1287 905 1353 Ulixes.
922 1324 968 1336 -

172 1394 252 1437 neve
269 1372 302 1435 in
320 1395 372 1436 me
390 1372 522 1438 stolidae
540 1373 682 1438 convicia
698 1373 831 1439 fundere
848 1374 977 1460 linguae

173 1457 365 1521 admiremur
382 1480 469 1535 eum,
487 1458 577 1523 vohis
595 1480 721 1543 quoque
739 1459 836 1544 digna
852 1460 973 1545 pudore

174 1541 281 1606 obicit.
326 1566 366 1606 an
384 1543 464 1608 falso
481 1543 677 1611 Palameden
694 1544 824 1610 crimine
841 1555 933 1629 turpe
951 1556 1000 1611 est

176 1649 341 1693 accusasse
358 1628 449 1705 mihi,
468 1629 558 1694 vobis
576 1630 741 1695 damnasse
760 1630 926 1695 decorum?

107 1734 157 1784 810
177 1714 234 1778 sed
250 1734 354 1796 neque
371 1714 565 1799 Naupliades
583 1714 705 1779 facinus
723 1715 892 1780 defendere
910 1727 1035 1782 tantum

174 1809 302 1882 tamque
320 1808 431 1884 patens
448 1800 561 1877 valuit,
580 1823 638 1865 nec
655 1822 711 1864 vos
730 1801 860 1866 audistis
876 1801 910 1865 in
927 1801 981 1866 illo

175 1883 318 1947 crimina:
337 1883 472 1960 vidistis,
489 1895 677 1969 praestoque
695 1882 818 1947 obiecta
835 1884 998 1967 patebant.
1018 1921 1061 1932 -

173 1990 234 2034 nec
250 1968 468 2034 Poeantiaden
485 1969 571 2053 quod
587 1970 683 2033 habet
700 1968 855 2034 Volcania
871 1966 1026 2046 Lemnos,

176 2075 245 2119 esse
261 2077 334 2118 reus
352 2054 463 2119 merui.
507 2054 627 2118 factum
644 2054 804 2119 defendite
821 2070 975 2118 vestrum:

109 2161 158 2210 315
177 2139 376 2204 consensistis
395 2141 488 2204 enim.
531 2162 590 2204 nec
608 2163 658 2204 me
676 2140 812 2204 suasisse
829 2138 965 2224 negabo,

176 2235 212 2289 ut
230 2247 263 2289 se
281 2225 479 2290 subtraheret
496 2225 633 2307 bellique
651 2225 784 2306 viaeque
801 2223 902 2288 labori

175 2320 406 2396 temptaretque
423 2310 507 2377 feros
524 2311 632 2393 requie
648 2309 747 2375 lenire
756 2309 889 2374 dolores.

176 2395 296 2480 paruit,
315 2407 346 2460 et
363 2395 450 2460 vivit.
494 2417 558 2460 non
575 2396 653 2461 haec
671 2394 825 2460 sententia
842 2406 966 2460 tantum

176 2481 255 2556 fida,
273 2481 329 2546 sed
347 2491 377 2546 et
394 2481 485 2558 felix,
503 2503 576 2545 cum
594 2480 635 2545 sit
652 2480 726 2545 satis
745 2502 813 2545 esse
830 2480 966 2546 fidelem.

110 2587 160 2636 320
177 2587 272 2650 quem
290 2566 439 2650 quoniam
457 2577 545 2631 vates
564 2566 697 2631 delenda
714 2565 756 2629 ad
772 2565 931 2652 Pergama
948 2577 1095 2652 poscunt,

176 2675 217 2717 ne
234 2652 383 2717 mandate
400 2652 490 2716 mihi:
508 2652 620 2716 melius
639 2650 842 2716 Telamonius
859 2650 917 2714 ibit

178 2736 366 2821 eloquioque
383 2737 485 2801 virum
502 2738 683 2821 morbisque
700 2737 809 2818 iraque
826 2736 985 2803 furentem

177 2823 309 2899 molliet,
327 2834 382 2886 aut
399 2822 504 2905 aliqua
521 2822 675 2907 producet
692 2822 824 2886 callidus
843 2832 968 2887 arte...

178 2918 251 2972 ante
270 2919 350 2973 retro
369 2907 485 2974 Simois
503 2908 579 2972 fluet
597 2919 628 2972 et
646 2906 712 2972 sine
730 2907 895 2971 frondibus
912 2907 972 2972 Ide

110 3014 160 3064 aas
178 2993 287 3069 stabit,
306 3004 337 3057 et
354 2993 506 3057 auxilium
523 2992 684 3078 promittet
700 2992 825 3057 Achaia
842 2991 967 3068 Troiae,

177 3100 289 3162 quam,
306 3089 447 3143 cessante
464 3100 535 3142 meo
552 3101 610 3163 pro
627 3078 738 3143 vestris
755 3088 882 3163 pectore
899 3077 1006 3156 rebus,

177 3162 286 3227 Aiacis
305 3164 409 3227 stolidi
426 3162 548 3227 Danais
567 3163 703 3228 sollertia
719 3162 831 3248 prositl

178 3248 220 3312 sis
237 3248 311 3313 licet
327 3249 460 3314 infestus
477 3249 569 3313 sociis
586 3247 718 3332 regique
735 3248 886 3331 mihique,

178 3333 256 3398 dure
273 3333 464 3410 Philoctete3
481 3334 553 3398 licet
572 3355 717 3399 execrere
733 3355 903 3418 meumque

110 3437 160 3487 330
178 3419 334 3483 devoveas
352 3419 418 3484 sine
435 3419 498 3484 fine
516 3431 625 3504 caput,
643 3419 815 3504 cupiasque
832 3418 952 3485 dolenti

178 3526 229 3568 me
247 3502 305 3567 tibi
322 3504 402 3570 forte
421 3505 488 3568 dari
505 3516 712 3586 nostrumque
729 3503 854 3570 haurire
872 3527 1030 3571 cruoremr

179 3599 210 3653 te
228 3598 333 3653 tamen
351 3590 532 3676 aggrediar3
549 3590 604 3655 liet
620 3588 677 3653 tibi
695 3590 786 3675 copia
802 3589 916 3668 nostri3

179 3684 307 3758 tamque
325 3676 387 3740 tuis
405 3676 506 3760 potiar
523 3710 566 3722 -
582 3675 688 3740 faveat
704 3675 847 3740 Fortuna
863 3711 907 3722 —
924 3676 1057 3761 sagittis,

180 3778 275 3840 quam
293 3783 363 3825 sum
380 3759 554 3836 Dardanio,
573 3781 673 3842 quem
687 3760 770 3846 cepi,
788 3770 860 3826 vate
877 3761 995 3847 potitus
1000 3785 1010 3839 ;

113 3861 161 3910 8³5
180 3864 276 3925 quam
292 3867 443 3931 responsa
461 3847 556 3911 deum
572 3845 775 3929 Troianaque
791 3845 988 3923 fataretexi3

181 3948 276 4010 quam
293 3931 383 4015 rapui
401 3931 561 4017 Phrygiae
580 3930 706 4015 signum
723 3932 883 4016 penetrale
900 3931 1067 3998 Minervae

180 4009 322 4078 hostibus
340 4038 358 4080 e
375 4017 496 4081 mediis.
540 4027 622 4083 etse
640 4015 716 4079 mihi
734 4017 876 4082 conferat
892 4017 997 4082 Aiax?

181 4119 295 4187 nempe
312 4101 383 4190 capi
399 4102 529 4168 Troiam
545 4100 753 4190 prohibebant
771 4102 838 4168 fata
854 4102 923 4170 sine
939 4103 1003 4169 illo.
1021 4135 1064 4148 —
