2574 4478
170 274 211 342 68
500 287 534 343 Ρ.
553 287 677 345 OVIDII
694 284 857 345 NASONIS

169 415 196 478 si
213 423 319 479 tamen
335 412 369 478 in
386 412 438 477 dio
457 413 617 496 quondam
635 423 780 477 concreta
797 411 955 497 profundo

170 523 283 584 spuma
300 500 361 576 fui,
380 497 578 582 Graiumque
595 509 703 564 manet
719 499 797 563 mihi
813 520 929 563 nomen
947 496 988 562 ab
1005 495 1083 562 illa’

170 585 281 649 adnuit
268 594 389 649 torant
389 609 400 648 1
390 585 584 685 Neptunus
602 594 634 649 et
652 584 781 649 abstulit
797 584 858 649 illis

170 672 256 772 quod
272 670 404 772 mortale
421 670 496 748 fuit,
513 670 772 754 maiestatemque
789 669 960 735 verendam

102 779 152 828 540
169 757 333 841 imposuit,
351 778 530 840 nomenque
547 756 642 821 simul
658 755 836 840 faciemque
852 754 992 833 novavit,

169 843 294 907 Leucot
282 842 417 926 theeque
435 841 530 906 deum
547 864 620 907 cum
636 852 738 907 matre
754 841 950 906 Palaemona
968 803 1059 906 dixit.

213 927 364 994 Sidoniae
383 928 527 1004 comites,
545 936 644 1011 quant
644 950 699 992 um
717 927 855 1029 valuere,
874 938 1002 993 secutae
1072 925 1183 978 Imm

171 1013 262 1100 signa
278 1013 412 1114 pedum,
430 1013 531 1099 primo
550 1013 657 1078 videre
674 1012 846 1078 novissima
863 1033 955 1077 saxo:
1094 993 1169 1046 'm’

169 1122 229 1165 nec
247 1099 379 1164 dubium
397 1099 437 1164 de
454 1110 555 1163 morte
572 1109 674 1175 ratae,
693 1096 870 1164 Cadmeida
885 1097 1000 1184 palmis

103 1204 152 1253 545
171 1186 361 1270 deplanxere
378 1184 523 1262 domum,
542 1185 658 1249 scissae
675 1207 749 1249 oum
765 1196 853 1250 veste
867 1184 1012 1284 capillos,

169 1282 267 1354 utque
284 1293 398 1356 pamm
414 1271 515 1335 iustae
531 1269 726 1371 nimiumque
743 1268 777 1334 in
793 1269 913 1356 paelice
930 1289 1056 1347 saevae,

170 1356 320 1421 invidiam
338 1356 442 1420 fecere
460 1356 548 1420 deae.
593 1355 734 1421 convicia
750 1356 832 1420 Iuno

169 1454 264 1506 nont
252 1442 322 1506 tulit
340 1452 371 1506 et
389 1441 519 1506 ‘faciam
536 1463 593 1506 vos
610 1441 696 1555 ipsas
714 1441 853 1506 maxima
857 1440 965 1505 ’dixit

114 1547 116 1551 ’
171 1527 334 1592 ‘saevitiae
351 1526 544 1628 monimenta
559 1526 671 1591 meae?
714 1550 764 1592 res
783 1527 867 1592 dicta
884 1538 992 1592 secuta
1010 1536 1069 1592 cst.

17 1639 18 1644 ¹
104 1632 154 1682 550
171 1635 245 1676 nam
263 1633 344 1695 quae
363 1612 532 1726 praecipue
549 1611 701 1677 fuerat
669 1634 736 1697 pra,
755 1612 960 1712 ‘persequar'
973 1611 1080 1696 inquit

172 1700 219 1762 ‘in
236 1698 317 1762 freta
335 1697 487 1783 reginam,
489 1697 577 1762 ’tsal
565 1710 694 1780 tumque
712 1698 767 1762 dat
754 1709 825 1762 tura
842 1697 962 1762 moveri

171 1784 257 1848 haud
274 1804 408 1866 usquam
430 1805 471 1869 po
473 1783 532 1847 tuit
549 1785 743 1868 scopuloque
761 1783 867 1847 adfixa
884 1781 1039 1850 cohaesit.

172 1870 271 1934 altera
288 1869 364 1933 dum
381 1869 473 1933 solito
490 1879 623 1954 temptat
591 1869 791 1969 aplangore
809 1868 903 1933 ferire

172 1965 314 2039 pectora,
332 1964 500 2039 temptatos
519 1954 616 2019 sensit
632 1954 766 2039 riguisse
782 1954 930 2018 lacertos:

105 2059 154 2108 555
172 2040 240 2117 illa,
257 2063 370 2104 manus
387 2049 423 2104 ut
439 2039 521 2104 forte
538 2039 738 2105 tetenderat
729 2063 761 2103 ιιι
779 2039 875 2103 maris
892 2039 1005 2118 undas,

173 2147 268 2190 saxea
285 2126 350 2189 fact
338 2137 370 2189 ta
387 2148 501 2189 manus
517 2125 551 2189 in
569 2125 697 2190 easdem
713 2125 846 2226 porrigit
834 2125 979 2189 tundas:

172 2210 280 2288 huius,
298 2224 334 2274 ut
351 2222 510 2312 arreptum
528 2210 669 2275 laniabat
656 2211 802 2275 tvertice
821 2210 949 2286 crinem,

173 2296 265 2361 durat
253 2308 301 2361 tos
319 2296 423 2360 subito
442 2296 520 2382 digit
509 2307 556 2360 tos
573 2296 607 2361 in
624 2297 709 2362 crine
726 2296 864 2361 videres:

173 2404 236 2466 quo
255 2404 398 2466 quaeque
415 2382 448 2445 in
466 2393 558 2467 gestu
577 2381 732 2467 deprensa
749 2392 812 2459 est,
785 2381 958 2446 thaesit
919 2392 982 2446 ιιιι
999 2381 1064 2446 illo.

105 2487 156 2537 560
173 2491 246 2553 pars
263 2468 407 2533 volucres
425 2467 490 2533 fact
477 2479 542 2544 t3ae
561 2490 642 2551 quae
660 2489 745 2532 nunc
762 2488 889 2551 quoque
906 2467 1033 2567 gurgite
1050 2468 1085 2531 in
1101 2467 1155 2532 illo

173 2575 312 2654 aequora
329 2553 527 2638 destringunt
544 2554 676 2618 summis
693 2553 869 2617 Ismenides
887 2553 954 2616 alis.

214 2638 247 2703 N
248 2661 311 2704 escr
313 2639 534 2724 tAgenorides
548 2649 603 2703 nat
604 2662 655 2702 am
668 2658 865 2739 parvumque
878 2649 1026 2723 nepotem
1037 2637 1151 2691 0⁰de
1169 2644 1191 2690 θ*

174 2724 318 2808 aequoris
337 2747 406 2790 esse
424 2725 509 2789 deos.
545 2725 631 2789 luctu
650 2724 793 2807 serieque
811 2723 966 2824 malorum
1035 2705 1190 2760 Hm&

173 2810 275 2875 victus
293 2820 324 2875 et
341 2809 486 2887 ostentis,
505 2831 587 2893 quae
604 2809 741 2895 plurima
757 2809 893 2885 viderat,
867 2809 977 2875 texit

106 2917 156 2967 ιιι
175 2896 279 2960 condit
268 2906 317 2960 tor
333 2896 412 2960 urbe
430 2918 501 2972 sua,
520 2907 684 2978 tamquam
700 2895 829 2960 fortuna
844 2895 996 2970 locorum,

173 3004 237 3046 non
255 3004 364 3046 suase
381 2991 551 3067 premeret3
568 2981 735 3066 longisque
753 2981 979 3047 erroribust
928 2990 979 3045 act
979 3002 1017 3044 us

175 3067 305 3152 contigit
323 3067 467 3152 Illyricos
484 3029 621 3167 proluga
639 3088 712 3131 cum
730 3065 865 3151 coniuge
876 3067 970 3167 dines.

174 3153 300 3236 iamque
318 3153 408 3216 malis
427 3154 579 3235 annisque
596 3174 724 3237 graves,
743 3117 845 3216 dum
836 3151 938 3237 prima
954 3161 1127 3218 retractant

174 3239 241 3303 fata
258 3238 370 3302 domus
387 3239 604 3338 releguntque
614 3258 688 3301 suos
706 3258 849 3302 sermone
867 3237 1001 3314 labores,

107 3346 157 3395 oto
176 3331 265 3388 ‘num
284 3346 372 3389 sacer
388 3324 441 3388 ille
459 3346 530 3388 mea
546 3323 695 3388 traiectus
713 3323 843 3407 cuspide
862 3323 1003 3407 serpens’

176 3408 317 3474 Cadmus
335 3410 379 3473 ait
396 3409 527 3486 futera,
545 3420 628 3485 ιιιιιι,
646 3430 720 3472 cum
738 3407 856 3473 Sidone
873 3407 995 3493 profect
996 3432 1035 3474 us

174 3496 318 3580 vipereos
336 3495 436 3578 sparsi
453 3517 510 3579 per
518 3457 673 3569 humum,
690 3515 774 3557 nova
792 3494 925 3595 semina,
944 3493 1075 3560 dentesl

175 3603 270 3680 quem
288 3581 314 3644 si
332 3603 408 3644 cura
425 3580 519 3643 deum
537 3591 601 3642 tam
620 3591 704 3643 certa
720 3579 886 3643 vindicat
849 3591 934 3655 t‚1ra

175 3667 243 3766 ipse
260 3687 372 3751 precor
388 3687 517 3749 serpens
534 3665 567 3728 in
584 3664 712 3749 longam
730 3665 874 3749 porrigar
890 3663 1017 3729 alvum)

108 3773 157 3821 575
177 3751 255 3815 dixit
272 3762 313 3828 et,
332 3763 367 3814 ut
385 3773 527 3851 serpens,
543 3750 577 3814 in
594 3749 722 3850 longam
740 3749 841 3814 tendit
829 3761 880 3813 tur
897 3750 1014 3827 alvum,

176 3839 369 3919 durataeque
387 3836 452 3900 cuti
470 3858 628 3935 squamas
635 3835 808 3900 increscere
826 3835 920 3900 sentit

175 3924 329 4023 nigraque
347 3922 497 3987 caeruleis
515 3920 630 3985 variari
647 3942 781 4022 corpora
794 3920 923 4020 guttis,

176 4009 209 4071 in
227 4019 399 4106 pectusque
418 4007 502 4070 cadit
518 4028 650 4092 pronus,
669 4006 897 4088 commissaque
914 4006 947 4070 in
965 4030 1066 4075 unum

175 4092 328 4186 paulatim
346 4092 437 4163 tereti
454 4103 623 4164 tenuantur
640 4093 783 4165 acumine
801 4113 902 4162 crura
