2574 4478
160 310 225 379 224
490 324 523 382 Ρ.
544 326 667 384 ovrnu
685 324 848 384 rssorus

158 450 294 528 reddite;
311 471 392 514 neve
410 472 487 514 auro
504 452 638 516 redimat
655 450 704 515 ius
722 446 810 515 triste
829 451 976 537 sepulcri,

159 536 215 601 sed
231 535 377 601 lacrimis.
422 546 513 612 tunc,
532 559 604 601 eum
622 546 757 623 poterat,
775 535 952 602 redimebat
970 546 1001 601 et
1019 537 1117 603 auro.'

159 621 291 687 dixerat.
335 632 368 685 at
385 623 520 706 populus
538 622 698 699 lacrimas,
715 643 795 705 quas
812 622 866 687 illa
883 621 1023 700 tenebat,

157 730 223 771 non
240 719 335 773 tenet.
377 706 447 791 ipse
464 708 559 772 etiam
576 708 654 773 flens
672 707 853 791 invitusque
871 707 1019 774 sacerdos

89 814 139 863 475
157 792 301 893 praebita
318 791 458 857 coniecto
476 793 561 877 rupit
577 794 762 878 praecordia
778 793 872 858 ferro.

156 878 211 942 rlla
228 888 455 979 superterram
474 878 597 943 defecto
614 879 732 964 poplite
750 878 860 945 labens

157 964 287 1049 pertulrt
302 963 475 1048 intrepidos
493 965 535 1028 ad
552 965 617 1028 fata
634 963 806 1029 novissima
823 966 940 1031 vultus.

158 1060 233 1114 tune
251 1070 378 1133 quoque
395 1070 472 1113 eura
488 1049 549 1113 fuit
566 1060 671 1134 partes
690 1050 795 1115 velare
812 1052 977 1136 tegendas,

157 1156 229 1199 cum
249 1135 387 1209 caderet,
406 1134 547 1218 castique
565 1134 661 1199 decus
679 1157 804 1200 servare
821 1136 961 1221 pudoris.

89 1241 140 1292 480
157 1219 299 1285 Troades
318 1219 479 1305 excipiunt
497 1220 738 1306 deploratosque
755 1233 919 1287 recensent

156 1304 349 1383 Priamidas,
368 1305 493 1388 etquid
511 1306 632 1370 dederit
649 1305 760 1371 domus
778 1329 843 1370 una
860 1308 991 1391 cruoris,

156 1401 251 1475 teque
263 1402 414 1540 (pomum,
433 1390 534 1477 virgo,
551 1402 661 1476 teque,
679 1412 698 1457 o
715 1391 810 1457 modo
827 1392 916 1478 regia
933 1393 1083 1473 coniunx,

156 1476 245 1562 regia
285 1477 347 1542 icta
364 1499 493 1562 parens,
511 1475 611 1542 Asiae
628 1477 766 1542 florentis
784 1477 901 1564 imago,

156 1583 241 1626 nunc
260 1562 354 1628 etiam
372 1562 508 1647 praedae
525 1563 610 1628 mala
627 1584 709 1638 sors,
728 1584 824 1647 quam
841 1563 942 1629 victor
958 1562 1074 1631 Ulixes

89 1669 139 1720 485
157 1670 227 1712 esse
245 1670 335 1712 suam
352 1648 462 1725 nollet,
480 1646 541 1712 nisi
559 1648 646 1732 quod
662 1659 768 1714 tamen
786 1650 927 1714 Hectora
944 1662 1040 1735 partu
1129 1670 1133 1678 ·

157 1732 310 1800 edideras.
351 1733 515 1797 dominum
532 1733 626 1798 matri
642 1735 696 1798 vix
714 1734 850 1820 repperit
868 1735 1000 1800 Hector.

157 1840 239 1903 quae
257 1840 369 1904 corpus
388 1820 552 1904 complexa
569 1819 693 1885 animae
710 1831 776 1884 tam
792 1819 882 1884 fortis
899 1819 1004 1899 inane,

157 1926 237 1987 quas
255 1904 368 1969 totiens
386 1905 505 1989 patriae
523 1905 653 1970 dederat
669 1905 816 1989 natisque
832 1905 973 1989 viroque,

158 1989 232 2054 huic
249 2011 375 2074 quoque
394 1990 447 2054 dat
463 1989 618 2055 lacrimas.
662 1991 807 2055 lacrimas
823 1991 856 2055 in
874 1992 1007 2057 vulnera
1024 1992 1129 2059 fundit

89 2096 140 2146 400
158 2076 329 2159 osculaque
347 2097 400 2141 ore
417 2074 497 2160 tegit
514 2088 727 2160 consuetaque
744 2087 875 2162 pectora
892 2077 1038 2164 plangit·

158 2160 367 2244 canitiemque
385 2184 476 2226 suam
494 2172 639 2226 concreto
658 2162 690 2226 in
709 2161 862 2248 sanguine
880 2185 1009 2228 verrens

157 2247 249 2332 plura
266 2246 407 2332 quidem,
427 2246 483 2311 sed
501 2246 627 2312 ethaeo
645 2247 760 2312 laniato
778 2258 906 2334 pectore
923 2248 1018 2313 dixitr

158 2339 261 2409 ‘nata,
279 2331 489 2416 tuae—quid
507 2333 591 2398 enim
610 2334 772 2418 superest?
784 2369 829 2380 -
840 2333 930 2398 dolor
937 2334 1050 2400 ultime
1059 2331 1169 2406 matris,

156 2430 241 2495 nata,
258 2418 356 2494 iaces3
375 2418 530 2502 videoque
548 2429 652 2495 tuum,
671 2442 741 2484 mea
758 2419 904 2496 vulnera,
922 2419 1050 2485 vulnus.
1116 2426 1119 2432 '

89 2523 139 2574 405
158 2526 214 2581 en,
231 2527 272 2569 ne
289 2503 477 2590 perdiderim
496 2526 687 2588 quemquam
705 2505 772 2572 sine
790 2505 887 2572 caede
904 2527 1059 2582 meorum,

156 2601 192 2654 tu
210 2611 336 2673 quoque
353 2590 468 2654 vulnus
486 2588 594 2655 habes.
638 2601 670 2655 at
687 2601 733 2667 te,
751 2590 826 2675 quia
842 2590 975 2669 femina,
993 2592 1089 2657 rebar

157 2698 177 2740 a
193 2675 276 2740 ferro
294 2687 409 2740 tutam:
428 2675 567 2740 cecidisti
580 2687 616 2740 -et
632 2675 751 2741 femina
767 2677 865 2754 ferr03

156 2771 266 2844 totque
285 2772 356 2826 tuos
372 2761 457 2826 idem
474 2761 601 2839 fratres,
620 2771 651 2826 te
669 2761 805 2847 perdidit
821 2762 915 2841 idern,

156 2847 287 2911 exitium
304 2845 418 2912 Troiae
434 2846 596 2929 nostrique
614 2847 749 2924 orbator,
768 2847 920 2914 Achilles.

89 2952 140 3002 500
157 2943 190 2998 at
206 2944 374 3018 postquam
392 2932 504 2998 cecidit
520 2931 646 2997 Paridis
663 2932 850 3017 Phoebique
869 2957 904 2998 sa
928 2933 1002 3013 tris,

155 3039 241 3082 nuno
258 3030 357 3096 certe,
376 3017 454 3094 dixi,
472 3039 536 3082 non
554 3030 602 3083 est
619 3019 807 3084 metuendus
825 3019 967 3084 Achiles
985 3055 1029 3066 -

155 3124 241 3168 nunc
258 3125 385 3186 quoque
402 3103 446 3167 mi
463 3105 651 3169 metuendus
670 3115 747 3170 erat.
790 3103 868 3170 cinis
886 3103 954 3206 ipse
972 3104 1086 3190 sepulti

155 3188 190 3252 in
207 3211 307 3274 genus
325 3189 386 3254 hoc
403 3190 515 3254 saevit:
534 3190 656 3254 tumulo
674 3211 800 3274 quoque
818 3213 974 3256 sensimus
992 3190 1123 3256 hostem:

155 3274 318 3340 Aeacidae
336 3275 473 3340 fecunda
494 3274 551 3339 fui.
594 3276 676 3340 iacet
692 3276 773 3340 Ilion
790 3275 913 3426 infiens,

88 3379 137 3430 505
156 3371 334 3444 eventuque
351 3360 441 3447 gravi
458 3361 547 3425 finita
564 3372 612 3426 est
629 3361 756 3462 publica
774 3363 822 3426 cla
846 3385 889 3440 es,

156 3444 212 3512 sed
228 3446 318 3511 finita
334 3456 449 3512 tamen.
493 3446 551 3511 soli
567 3446 645 3510 mihr
662 3446 822 3532 Pergama
838 3458 966 3526 restant,

155 3530 189 3596 in
207 3553 363 3616 cursuque
380 3555 469 3598 meus
488 3532 577 3596 dolor
594 3543 650 3597 est.
694 3533 788 3597 modo
806 3533 944 3599 maxima
960 3554 1074 3609 rerum,

155 3627 203 3682 tot
219 3617 343 3704 generis
360 3618 505 3702 natisque
523 3629 634 3704 potens
652 3619 847 3702 nuribusque
864 3619 1005 3704 viroque,

154 3724 240 3768 nunc
256 3703 363 3769 trahor
380 3705 468 3782 exul,
485 3703 589 3789 inops,
607 3703 736 3769 tumulis
754 3705 865 3769 avulsa
880 3727 1034 3780 meorum,

87 3806 138 3857 510
155 3787 332 3874 Penelopes
354 3812 479 3854 munus.
523 3811 605 3873 quae
623 3813 673 3855 me
692 3790 765 3854 data
782 3812 880 3875 pensa
897 3790 1072 3855 trahentem

153 3873 307 3939 matribus
325 3875 492 3941 ostendens
510 3874 628 3940 Ithacis
647 3874 751 3941 “haec
768 3875 915 3940 Hectoris
932 3875 987 3940 illa
1004 3887 1052 3940 est

154 3958 242 4025 aare
256 3980 386 4045 parens,
403 3959 483 4027 haec
500 3960 571 4027 est'’
590 3961 673 4026 dicet
690 3961 874 4026 “Priameia
892 3959 1058 4026 coniunx.”

26 4030 354 4200 mmmm
369 4044 501 4113 amissos
518 4057 554 4112 tu
571 4068 671 4124 nunc,
688 4067 770 4132 quae
788 4046 855 4111 sola
871 4046 1001 4113 levabas

328 4128 449 4213 lucus,
464 4130 590 4200 hostilia
607 4133 702 4199 busta
717 4131 821 4220 piasti.
