2574 4478
224 113 590 171 METAMORPHOSEON
607 115 679 169 LIB.
699 114 777 170 v111.
796 114 924 171 98-185,
1020 100 1081 166 129

62 264 117 327 per
134 239 217 305 freta
234 239 329 324 longa
347 236 471 302 trahar?
516 237 569 303 vix
588 237 722 302 dixerat:
740 237 836 301 insilit
853 237 947 302 undis

62 325 328 408 consequiturque
345 334 443 399 rates,
460 323 595 388 faciente
613 323 759 407 cupidine
777 324 870 398 vires,

63 410 306 493 Gnosiacaeque
323 409 432 473 haeret
449 430 554 473 comes
571 408 726 472 invidiosa
744 409 878 473 carinae.

62 518 159 580 quam
166 506 266 644 pater
282 507 319 558 ut
335 494 413 559 vidit
430 530 473 540 —
489 494 644 558 narniam
662 494 821 578 pendebat
837 494 871 558 in
889 516 976 572 aura,
1102 517 1150 568 145

63 594 94 647 et
110 602 164 646 mo
187 602 206 646 ο
224 580 327 645 factus
345 589 412 644 erat
428 579 525 643 fulvis
543 580 715 644 haliaeetus
734 579 791 642 alis
809 615 853 627 -·

62 668 143 744 ibat,
160 676 197 730 ut
214 665 395 730 haerentem
411 675 511 729 rostro
529 665 681 729 laceraret
698 664 831 729 adunco.

61 753 117 816 illa
134 762 222 816 metu
238 751 371 835 puppim
388 751 518 826 dimisit,
538 762 569 814 et
587 773 664 814 aura
681 750 845 814 cadentem

62 837 248 902 sustinuisse
265 836 358 911 levis,
376 858 416 899 ne
434 845 578 920 tangeret
595 856 746 919 aequora,
765 836 833 900 visa
850 845 907 901 est.

61 923 173 1005 pluma
190 922 263 985 fuit:
280 920 396 1006 plumis
413 921 446 984 in
464 943 556 985 avem
572 931 693 985 mutata
711 932 842 985 vocatur
1102 945 1151 994 150

61 1005 165 1080 ‘ciria’
176 1015 236 1069 eta
252 1018 343 1070 tonso
362 1016 409 1070 est
426 1005 487 1070 hoc
503 1028 619 1072 nomen
637 1006 752 1091 adepta
769 1007 892 1091 capillo.

104 1093 193 1159 Vota
208 1092 279 1155 Iovi
296 1091 403 1155 Minos
421 1103 583 1156 taurorum
601 1114 732 1176 corpora
750 1103 875 1156 centum
1004 1109 1111 1162 Daedal
1142 1147 1149 1165 .

62 1178 171 1254 solvit,
189 1188 224 1241 ut
242 1199 387 1263 egressus
404 1177 524 1240 ratibus
544 1175 696 1242 Curetida
713 1187 828 1242 terram

63 1263 211 1348 contigit,
229 1273 259 1326 et
277 1262 384 1346 spoliis
402 1261 550 1326 decorata
568 1274 615 1327 est
632 1263 721 1347 regia
737 1262 818 1326 fixis.

62 1359 205 1413 creverat
222 1347 424 1431 opprobrium
442 1347 582 1431 generis,
600 1347 791 1430 foedumque
808 1348 937 1432 patebat
1102 1370 1150 1420 155

60 1434 170 1497 matris
189 1432 378 1497 adulterium
395 1431 526 1496 monstri
542 1433 682 1498 novitate
699 1432 852 1497 biformis.

62 1518 201 1583 destinat
218 1517 303 1581 hunc
320 1517 428 1581 Minos
437 1517 583 1582 thalamis
592 1539 753 1582 removere
770 1518 925 1603 pudorem

60 1602 291 1687 multiplicique
309 1602 403 1665 domo
421 1601 586 1685 caecisque
603 1603 764 1668 includere
781 1603 882 1668 tectis.

60 1688 226 1753 Daedalus
242 1688 370 1772 ingenio
388 1687 498 1752 fabrae
515 1688 737 1753 celeberrimus
755 1689 830 1753 artis

60 1774 152 1859 ponit
169 1794 249 1857 opus
267 1773 434 1856 turbatque
452 1783 542 1837 notas
560 1785 591 1838 et
600 1775 722 1840 lumina
733 1775 852 1839 flexum

61 1858 150 1924 ducit
166 1857 200 1922 in
217 1879 354 1923 errorem
371 1859 530 1922 variarum
547 1858 682 1944 ambage
700 1859 832 1923 viarum.

60 1966 126 2009 non
144 1964 237 2008 secus
254 1965 292 2007 ac
308 1943 447 2026 liquidus
464 1943 615 2028 Phrygiis
633 1945 828 2009 Maeandrus
846 1944 880 2008 in
897 1945 981 2010 arvis

59 2029 142 2094 ludit
159 2039 191 2092 et
208 2028 358 2113 ambiguo
374 2029 466 2113 lapsu
483 2029 648 2113 refluitque
664 2030 807 2111 fluitque,

60 2135 293 2196 occurrensque
311 2114 372 2177 sibi
389 2126 537 2179 venturas
556 2116 668 2199 aspicit
684 2115 786 2178 undas

60 2211 93 2265 et
108 2222 196 2264 nuno
214 2198 255 2263 ad
271 2199 389 2276 fontes,
407 2222 492 2264 nuno
509 2199 550 2264 ad
566 2223 653 2264 mare
671 2222 781 2264 versus
798 2210 941 2285 apertum
1101 2221 1149 2272 165

59 2287 197 2350 incertas
214 2295 339 2349 exercet
356 2306 468 2368 aquas:
486 2285 531 2349 ita
548 2284 712 2349 Daedalus
729 2285 841 2369 implet

59 2372 242 2435 innumeras
260 2391 364 2434 errore
381 2370 459 2434 vias.
502 2370 619 2453 vixque
637 2370 704 2455 ipse
721 2370 837 2434 reverti

60 2456 101 2520 ad
119 2456 217 2519 limen
233 2456 350 2540 potuit:
368 2467 456 2519 tanta
474 2467 521 2521 est
538 2456 664 2520 fallacia
680 2456 764 2520 tecti.

41 2562 125 2623 quo
143 2551 310 2624 postquam
328 2541 488 2625 geminam
504 2541 587 2605 tauri
604 2541 790 2624 iuvenisque
807 2541 943 2626 figuram

60 2625 188 2700 clausit,
207 2636 237 2690 et
255 2627 377 2690 Actaeo
396 2625 444 2690 bis
462 2637 588 2710 pastum
605 2627 758 2712 sanguine
775 2638 951 2692 monstrum
1102 2647 1152 2698 170

60 2710 154 2776 tertia
172 2732 239 2774 sors
258 2711 347 2775 annis
365 2711 486 2775 domuit
503 2712 636 2796 repetita
653 2712 798 2776 novenis:

59 2807 160 2879 utque
178 2816 238 2881 ope
256 2797 398 2880 virginea
415 2795 508 2860 nullis
525 2796 637 2860 iterata
655 2798 795 2882 priorum

59 2882 156 2945 ianua
175 2880 310 2945 difficilis
327 2881 380 2945 filo
398 2892 446 2946 est
462 2881 591 2946 inventa
607 2882 738 2947 relecto:

59 2966 204 3052 protinus
222 2965 365 3050 Aegides
382 2978 472 3051 rapta
488 2965 631 3032 Minoide
648 2967 746 3032 Diam
1007 2983 1151 3052 (madae.)

60 3051 133 3116 vela
150 3050 251 3127 dedit,
269 3051 478 3134 comitemque
496 3075 587 3116 suam
604 3053 739 3118 crudelis
756 3054 789 3118 in
806 3053 860 3118 illo
1102 3073 1149 3121 175

59 3136 151 3201 litore
169 3135 320 3200 destituit.
364 3136 506 3202 desertae
523 3148 555 3202 et
571 3140 671 3202 multa
688 3139 831 3221 querenti

60 3222 227 3306 amplexus
245 3232 276 3285 et
293 3243 386 3306 opem
404 3221 504 3286 Liber
520 3223 605 3299 tulit3
624 3235 722 3306 utque
739 3223 870 3308 perenni

59 3306 163 3372 sidere
182 3306 266 3370 clara
282 3306 380 3383 foret,
398 3318 557 3392 sumptam
575 3309 615 3373 de
632 3309 735 3374 fronte
753 3330 901 3373 coronam

59 3391 190 3456 immisit
209 3392 306 3456 caelo.
350 3403 460 3457 tenues
479 3393 636 3458 volatilla
652 3417 709 3478 per
726 3418 833 3470 auras3

60 3477 202 3560 dumque
220 3477 319 3553 volat,
338 3501 483 3563 gemmae
500 3479 616 3544 nitidos
634 3491 799 3545 vertuntur
815 3479 849 3544 in
866 3479 956 3564 ignes
1102 3502 1150 3551 180

60 3562 299 3645 consistuntque
316 3563 400 3640 loco,
418 3562 522 3649 speeie
540 3577 721 3631 remanente
739 3586 883 3641 coronae,

59 3647 116 3732 qui
132 3647 257 3712 medius
273 3647 412 3732 Nixique
453 3672 514 3714 enu
532 3661 579 3714 est
596 3651 811 3736 Anguemque
828 3650 973 3716 tenentis.

101 3732 268 3797 Daedalus
283 3732 404 3799 interea
422 3673 540 3800 dreten
556 3736 749 3821 longumque
766 3757 897 3820 perosus
1049 3754 1150 3806 Icarus.

58 3818 189 3884 exilium
206 3827 372 3903 tactusque
389 3821 450 3885 loci
468 3819 580 3884 natalis
598 3843 714 3895 amore,
1184 3879 1187 3885 .

58 3905 187 3970 clausus
205 3913 273 3968 erat
289 3904 414 3993 pelago.
458 3912 572 3973 ‘terras
589 3906 675 3974 licet’
694 3906 796 3992 inquit
813 3913 861 3973 ‘et
878 3907 980 3973 undas
1102 3926 1150 3977 185

110 4001 268 4052 madata.
896 4007 913 4061 9
