2574 4478
170 257 232 326 196
498 271 532 327 r.
552 255 856 329 ovronms‘oms

168 399 236 485 ipse
253 420 314 485 ego
330 396 398 462 fata
414 395 471 461 tibi
488 419 637 482 praesens
654 419 727 462 mea
743 395 917 480 naufragus
936 393 1005 460 edo.

86 556 89 562 ,
170 507 279 569 surge,
298 506 372 569 age,
390 484 431 548 da
447 483 593 547 lacrimas
610 482 821 568 lugubriaque
838 481 944 558 indue,
962 503 1022 546 nec
1039 502 1091 546 me

102 590 152 640 670
169 570 399 655 indeploratum
418 569 477 633 sub
495 569 602 632 inania
618 568 752 632 Tartara
768 567 877 632 mitte.'

170 656 264 720 adicit
282 655 330 718 his
348 677 458 719 vocem
476 654 666 738 Morpheus,
685 674 781 737 quam
799 652 943 738 coniugis
959 652 1014 717 illa

170 740 310 806 crederet
328 763 397 805 esse
415 740 473 803 sui.
516 740 609 803 fietus
627 760 754 822 quoque
772 738 905 803 fundere
923 759 1014 802 veros

169 827 255 891 visus
273 838 353 902 erat,
371 836 560 911 gestumque
576 847 690 889 manus
708 822 824 909 Ceycis
841 823 988 888 habebat.

169 910 300 998 ingemit
316 911 474 996 Alcyone:
493 910 638 975 lacrimas
654 922 761 975 movet
779 920 873 993 atque
890 910 1024 975 lacertos

102 1017 152 1067 676
169 1021 227 1083 per
244 1019 403 1074 somnum,
421 1018 598 1082 corpusque
616 1008 725 1082 petens
743 994 943 1080 amplectitur
960 1017 1055 1062 auras

170 1083 388 1166 exclamatque
406 1081 527 1147 ‘manel
545 1102 609 1164 quo
627 1091 658 1146 te
675 1081 780 1166 rapis?
795 1081 912 1146 ibimus
930 1081 1014 1145 una!

169 1190 248 1234 voce
266 1192 324 1233 sua
341 1168 509 1254 specieque
527 1166 586 1231 viri
603 1167 730 1230 turbata
747 1188 891 1252 soporem

171 1254 303 1330 excutit,
322 1264 354 1318 06
370 1254 472 1337 primo
490 1252 517 1316 si
534 1252 575 1317 sit
592 1253 803 1337 circumspicit
819 1252 893 1328 illic,

169 1340 225 1423 qui
241 1339 335 1403 modo
353 1339 440 1403 visus
458 1348 533 1403 erat.
576 1361 650 1402 nam
667 1338 745 1403 moti
763 1359 840 1402 voce
855 1337 990 1402 ministri

103 1443 153 1495 600
169 1425 339 1490 intulerant
356 1426 473 1489 lumen.
517 1434 685 1509 postquam
702 1445 766 1488 non
783 1423 904 1488 invenit
919 1445 1067 1507 usquam,

170 1510 305 1598 percutit
322 1532 377 1575 ora
394 1532 491 1574 manu
506 1509 668 1592 laniatque
686 1533 706 1573 a
722 1518 849 1594 pectore
866 1519 968 1574 vestes

78 1596 79 1599 ’
170 1607 361 1683 pectoraque
377 1595 448 1681 ipsa
464 1595 547 1660 ferit.
590 1617 649 1659 nec
667 1594 768 1659 crines
786 1595 907 1660 solvere
925 1605 1029 1660 curate

171 1681 294 1746 scindit.
338 1692 370 1746 et
386 1680 501 1756 altrici,
520 1702 602 1763 quae
618 1681 722 1746 luctus
741 1702 851 1756 causa,
867 1680 1003 1764 roganti,

172 1768 274 1831 ‘nulla
291 1776 339 1832 est
355 1767 516 1851 Alcyone,
533 1766 621 1830 nulla
638 1766 698 1830 est'
717 1766 770 1830 ait.
814 1765 945 1831 ‘occidit
961 1788 1026 1832 una

104 1872 153 1922 605
172 1875 245 1916 cum
263 1849 370 1936 Ceyce
388 1873 455 1916 suo.
499 1852 632 1916 solantia
649 1852 748 1916 tollite
766 1851 873 1916 verba.

171 1938 346 2023 naufragus
363 1937 489 2001 interiit.
533 1937 597 2001 vidi
615 1938 794 2022 agnovique
810 1959 988 2021 manusque

172 2024 213 2088 ad
231 2023 458 2100 discedentem,
477 2022 607 2108 cupiens
624 2023 773 2098 retinere,
791 2023 920 2088 tetendi.

172 2110 286 2173 umbra
302 2109 378 2187 linit,
395 2110 452 2174 sed
469 2119 500 2174 et
517 2108 631 2173 umbra
647 2120 753 2174 tamen
770 2109 938 2174 manifesta
955 2108 1079 2193 virique

173 2218 248 2260 vera
263 2194 336 2259 mei.
379 2217 443 2259 non
459 2195 512 2259 ille
529 2195 672 2277 quidem,
690 2194 717 2258 si
736 2194 876 2278 quaeris,
894 2194 1033 2259 habebat

106 2300 155 2351 600
173 2292 315 2345 assuetos
332 2281 452 2356 vultus,
470 2302 528 2345 nec
547 2302 610 2364 qno
628 2280 715 2366 prius
733 2302 787 2346 ore
804 2280 935 2346 nitebat

172 2367 341 2468 pallentem
357 2367 542 2448 nudumque
560 2377 590 2430 et
608 2366 713 2431 adhuc
728 2377 857 2431 umente
875 2365 988 2451 capillo

172 2452 283 2517 rnfelix
300 2452 375 2516 vidi.
419 2451 503 2516 stetit
520 2451 580 2515 hoo
596 2452 783 2516 miserabilis
800 2452 870 2537 ipso

174 2560 247 2603 ecce
264 2537 348 2602 loco'
366 2573 409 2584 -
426 2547 458 2600 et
475 2537 612 2620 quaerit,
630 2537 765 2622 vestigia
782 2537 808 2601 si
826 2559 890 2622 qua
907 2536 1077 2622 supersint.

174 2623 249 2687 ‘hoc
266 2632 346 2698 erat,
363 2623 438 2698 hoc,
456 2623 560 2686 animo
577 2623 664 2704 quod
682 2623 841 2688 divinante
858 2623 1020 2699 timebam,

107 2728 156 2778 605
175 2720 206 2773 06
222 2731 263 2774 ne
281 2730 332 2773 me
344 2709 481 2795 fugeres,
492 2718 602 2771 ventos
620 2729 799 2790 sequerere,
816 2708 980 2792 rogabam.

175 2805 207 2858 at
225 2802 308 2859 certe
324 2796 453 2870 vellem,
471 2794 619 2876 quoniam
637 2793 794 2877 periturus
813 2794 933 2871 abibas,

173 2901 225 2944 me
242 2900 369 2962 quoque
387 2879 540 2942 duxisses.
584 2889 666 2955 tum,
685 2889 752 2943 tum
770 2879 831 2944 fuit
847 2879 924 2945 utile
941 2890 1047 2946 tecum

174 2963 220 3029 ire
237 2963 327 3027 mihi:
345 2965 550 3047 nequeenim
569 2964 608 3028 de
626 2965 709 3029 vitae
727 2975 868 3050 tempore
886 2966 1057 3049 quicquam

174 3071 238 3114 non
256 3050 349 3114 simul
367 3050 516 3135 egissem,
533 3071 593 3115 nec
609 3072 694 3114 mors
712 3051 847 3114 discreta
863 3050 985 3116 fuisset.

109 3156 158 3205 700
175 3157 259 3200 nunc
277 3135 390 3200 absens
410 3135 505 3221 perii,
533 3135 633 3200 iactor
649 3158 775 3220 quoque
793 3136 941 3201 fluctibus
959 3137 1084 3213 absens,

176 3232 206 3286 06
224 3221 291 3285 sine
315 3232 347 3284 te
376 3243 427 3285 me
444 3231 560 3305 pontus
577 3220 683 3286 habet.
727 3221 883 3286 crudelior
900 3222 969 3306 ipso

175 3307 215 3372 sit
232 3306 309 3370 mihi
326 3329 416 3372 mens
433 3305 557 3391 pelago,
576 3307 603 3370 si
620 3307 717 3370 vitam
735 3307 850 3372 ducere
867 3309 950 3371 nitar

175 3392 300 3477 longius
318 3403 349 3457 et
367 3401 454 3455 tanto
471 3414 610 3476 pugnem
630 3415 793 3477 superesse
811 3392 920 3457 dolori.

176 3479 231 3542 sed
248 3499 351 3560 neque
369 3477 519 3563 pugnabo
536 3499 595 3541 nec
613 3487 658 3553 te,
676 3478 866 3555 miserande,
888 3478 1075 3562 relinquam,

110 3585 158 3632 706
177 3575 208 3628 06
225 3563 283 3626 tibi
300 3584 384 3628 nunc
402 3563 513 3627 saltem
530 3562 656 3626 veniam
673 3584 788 3628 comes.
831 3564 928 3647 inque
946 3567 1101 3651 sepulcro,

176 3649 201 3713 si
219 3669 283 3712 non
300 3671 395 3725 uma,
413 3658 519 3713 tamen
535 3647 646 3733 iunget
662 3671 720 3713 nos
738 3649 855 3727 littera3
874 3650 982 3714 sinon

177 3734 300 3798 ossibus
318 3755 390 3798 ossa
406 3735 498 3810 meis,
517 3744 549 3797 at
566 3755 682 3798 nomen
698 3735 825 3800 nomine
842 3736 992 3820 tangam?

175 3820 267 3903 plura
285 3818 374 3882 dolor
390 3818 550 3904 prohibet,
567 3819 728 3903 verboque
745 3819 912 3886 intervenit
929 3821 1016 3886 omni

176 3904 318 3989 plangor,
338 3914 369 3968 06
386 3905 517 3969 attonito
535 3904 672 3990 gemitus
691 3929 710 3969 a
725 3906 819 3971 eorde
836 3906 1013 3971 trahuntur.

110 4011 159 4061 710
176 4012 269 4054 mane
287 3999 362 4053 erat.
405 3991 565 4074 egreditur
582 3991 671 4054 tectis
689 3992 730 4055 ad
746 3993 820 4056 litus
838 4002 868 4056 et
885 3992 973 4056 illum

176 4084 297 4145 maesta
314 4075 419 4144 locum
435 4076 563 4167 repetit,
582 4076 622 4145 de
640 4097 703 4166 quo
721 4087 878 4168 spectarat
895 4089 1034 4148 euntem.
