2574 4478
231 250 596 309 METAMORPHOSEON
615 250 688 306 LIB.
705 250 743 305 H.
761 245 905 306 ale-eos,
1037 232 1079 298 25

60 390 92 443 11
109 399 196 442 mare
215 376 418 454 contrahitur,
437 377 601 461 siccaeque
619 387 666 441 est
684 398 814 461 campus
831 375 976 448 harenae,

60 463 146 547 quod
163 463 259 527 modo
275 473 390 549 pontus
409 473 489 540 erat3
507 483 650 546 quosque
667 462 766 526 altum
783 472 905 526 texerat
921 479 1049 544 aequor,

60 550 198 614 existunt
216 560 340 614 montes
359 560 390 614 et
407 571 532 633 sparsas
551 545 709 632 Cycladas
727 559 856 633 augent.

59 635 125 700 ima
141 646 253 720 petunt
270 635 387 720 pisces,
405 655 465 698 nec
482 656 516 698 se
534 656 629 718 super
646 654 784 716 aequora
801 632 890 697 curvi
1098 650 1147 702 161

60 722 171 785 1011111
189 732 355 785 consuetas
374 720 491 785 audent
509 719 672 804 delphines
689 719 722 782 in
740 741 843 783 auras.

61 828 194 892 corpora
211 805 385 891 phocarum
402 826 525 870 summo
542 804 691 889 resupina
687 803 865 954 lxprofundo

61 893 242 958 exanimata
253 901 377 956 natant.
420 891 526 975 ipsum
543 911 670 973 quoque
720 889 895 955 1111111111
911 901 959 956 est

61 977 249 1060 Doridaque
267 987 299 1041 et
314 988 405 1041 natas
422 975 537 1061 tepidis
553 976 683 1039 latuisse
701 975 760 1039 sub
779 975 886 1040 antris.

61 1075 109 1127 ter
123 1063 291 1148 Neptunus
309 1061 400 1144 aquis
418 1084 490 1126 cum
508 1073 598 1124 torvo
616 1060 764 1125 bracchia
780 1061 872 1125 vultu

62 1171 191 1213 exerere
209 1170 305 1212 ausus
323 1158 404 1212 erat:
423 1158 471 1211 ter
487 1168 551 1211 non
568 1146 641 1211 tulit
657 1146 738 1211 11111
755 1146 856 1232 ignes.

62 1235 146 1298 alma
163 1245 269 1298 tamen
286 1233 411 1310 Tellus,
428 1242 465 1296 ut
481 1243 548 1297 erat
565 1230 759 1296 circumdata
775 1242 883 1317 ponto,

60 1318 143 1384 inter
161 1339 261 1401 aquas
278 1318 384 1403 pelagi
402 1326 641 1400 contractosque
658 1318 799 1400 undique
816 1318 929 1395 fontes,
1035 1382 1038 1388 ,

62 1404 118 1488 qui
136 1426 171 1468 se
188 1404 393 1468 condiderant
409 1403 442 1467 in
460 1425 578 1488 opacae
596 1403 718 1467 viscera
735 1404 854 1481 matris,

62 1489 190 1554 sustulit
207 1511 374 1574 oppressos
392 1489 472 1553 collo
490 1499 581 1552 tenus
599 1488 688 1552 arida
704 1489 811 1553 vultus

62 1575 272 1661 opposuitque
288 1597 419 1638 manum
435 1573 531 1638 fronti
548 1596 727 1659 magnoque
745 1585 880 1640 tremore

62 1660 170 1724 omnia
187 1661 368 1725 concutiens
385 1660 516 1744 paulum
533 1659 676 1723 subsedit
693 1671 725 1724 et
741 1660 834 1735 infra,

62 1768 161 1829 quam
177 1747 258 1810 solet
274 1767 357 1821 esse,
375 1744 450 1821 11111,
461 1766 620 1827 raucaque
638 1745 682 1808 ita
698 1766 776 1810 voce
794 1746 899 1810 locuta
915 1755 978 1811 este

63 1832 106 1895 ‘si
122 1832 227 1916 placet
244 1830 319 1908 hoc,
337 1830 516 1913 menrique‚
534 1829 612 1913 quid
629 1851 649 1893 o
666 1841 721 1895 tua
738 1830 872 1895 fulmina
889 1841 1023 1908 cessant,

63 1939 187 1981 summe
205 1916 319 1982 deum?
334 1916 428 1980 liceat
444 1915 601 2000 periturae
619 1915 739 1980 viribus
756 1916 838 2000 ignis

61 2002 138 2086 igne
154 2002 257 2087 perire
273 2011 329 2065 tuo
346 2001 531 2083 clademque
549 2011 676 2066 auctore
692 2001 811 2066 levarel

63 2088 120 2151 vix
137 2086 286 2170 equidem
302 2087 412 2151 fauces
429 2085 509 2151 haec
525 2085 594 2170 ipsa
611 2087 644 2150 in
662 2087 759 2151 verba
776 2087 913 2152 resolvo’
930 2123 975 2136 -

62 2185 222 2273 presserat
239 2193 295 2236 ora
311 2194 410 2257 vapor
426 2207 469 2218 —
487 2177 599 2235 ‘tostos
617 2194 657 2236 en
674 2173 781 2257 aspice
799 2173 910 2248 crines,

63 2279 161 2341 mque
179 2257 277 2322 oculis
295 2268 433 2334 tantum,
450 2267 574 2320 tantum
592 2280 687 2342 super
704 2280 759 2321 ora
776 2257 918 2323 favillael

63 2343 164 2408 hosne
181 2342 260 2407 mihi
277 2343 414 2419 fructus,
431 2342 517 2406 hunc
534 2342 703 2407 fertilitatis
720 2342 872 2408 honorem

64 2428 226 2513 officiique
242 2429 357 2505 refers,
375 2428 461 2510 quod
479 2427 594 2492 adunci
611 2427 742 2492 vulnera
759 2428 854 2493 aratri

63 2525 300 2597 rastrorumque
317 2514 386 2577 1110
403 2524 533 2596 totoque
550 2535 698 2577 exerceor
715 2536 808 2589 anno,

64 2599 152 2683 quod
167 2599 275 2684 pecori
291 2598 434 2675 frondes,
453 2598 663 2682 alimentaque
681 2599 769 2662 mitia
783 2599 894 2684 fruges

64 2686 204 2750 humano
220 2685 343 2770 generi,
362 2683 452 2748 vobis
469 2705 596 2768 quoque
613 2696 685 2748 tura
701 2684 861 2748 ministro?

64 2771 122 2836 sed
138 2781 245 2835 tamen
262 2770 393 2836 exitium
409 2769 462 2833 110
478 2792 529 2834 me
546 2769 712 2834 meruisse:
731 2770 807 2853 quid
824 2771 939 2849 undae,

65 2856 144 2941 quid
160 2855 277 2921 meruit
293 2855 408 2920 frater?
427 2877 482 2919 cur
499 2854 544 2918 illi
561 2855 676 2919 tradita
694 2868 776 2920 sorte

64 2962 206 3025 aequora
223 2941 409 3006 decrescunt
426 2952 457 3004 et
475 2940 515 3004 ab
534 2941 659 3004 aethere
676 2941 802 3026 longius
820 2941 954 3006 absunt?

64 3026 179 3111 quodsi
195 3048 255 3092 nec
272 3025 378 3091 fratris
395 3046 455 3090 nec
472 3036 504 3090 11
522 3048 593 3090 mea
609 3026 713 3110 gratia
729 3028 841 3112 tangit,

64 3124 99 3177 11
116 3111 197 3177 caeli
213 3112 362 3177 miserere
379 3111 435 3175 tui.
480 3110 684 3196 circumspice
702 3121 886 3195 utrumque:

63 3199 175 3263 fumat
185 3208 317 3281 uterque
335 3197 437 3282 polus.
481 3217 558 3279 quos
577 3196 604 3260 si
621 3196 778 3262 vitiaverit
795 3197 888 3282 ignis,

64 3283 146 3348 atria
163 3294 269 3349 vestra
285 3293 387 3347 ruent.
430 3281 523 3345 Atlas
541 3304 582 3346 en
598 3281 666 3366 ipse
683 3281 806 3347 laborat

63 3368 183 3452 vixque
201 3368 267 3433 suis
284 3367 402 3432 umeris
420 3367 606 3431 candentem
624 3367 757 3432 sustinet
774 3391 876 3432 axem.

64 3455 92 3519 si
109 3453 207 3529 freta,
225 3453 252 3518 si
269 3463 371 3517 terrae
388 3462 535 3537 pereunt,
554 3453 579 3515 si
598 3453 686 3537 regia
703 3455 791 3529 caeli,

63 3541 97 3604 in
115 3539 213 3604 chaos
231 3538 395 3622 antiquum
413 3538 643 3601 confundimur.
688 3538 773 3623 eripe
791 3537 935 3613 fiammis,

64 3626 92 3689 si
110 3624 189 3708 quid
206 3623 311 3688 adhuc
327 3634 484 3708 superest,
503 3634 535 3687 et
551 3646 656 3687 rerum
675 3624 803 3688 consule
820 3621 991 3687 summael’

63 3711 189 3776 dixerat
206 3708 285 3774 haec
301 3708 424 3774 Tellus:
444 3730 547 3791 neque
565 3708 648 3772 enim
666 3709 798 3773 tolerare
816 3730 967 3792 vaporem

63 3795 197 3860 ulterius
214 3794 318 3880 potuit
334 3816 394 3859 1110
412 3793 515 3858 dicere
532 3793 638 3877 plura:
657 3814 812 3876 suumque

63 3881 186 3946 rettulit
203 3901 240 3945 os
256 3879 288 3944 in
307 3903 340 3945 se
357 3879 568 3964 propioraque
579 3878 733 3945 Manibus
750 3890 848 3942 antra.

63 3977 96 4031 at
113 3977 206 4052 pater
223 3964 434 4050 omnipotens,
453 3985 584 4049 superos
602 3976 733 4029 testatus
752 3977 784 4028 et
800 3964 906 4049 ipsum

63 4053 119 4141 qui
136 4050 270 4118 dederat
287 4072 411 4129 currus,
428 4050 489 4115 nisi
507 4071 600 4136 opem
617 4050 712 4128 11111,
730 4049 835 4116 omnia
851 4051 917 4117 1110
