2574 4478
177 347 238 414 198
507 361 539 415 P.
558 361 683 418 ovrnu
700 359 862 417 ussurus
893 327 898 333 ’

171 472 251 560 [Ilus
269 485 301 540 et
317 475 495 541 Assaracus
512 487 684 563 raptusque
701 475 773 540 Iovi
794 473 1014 560 Ganymedes]

171 566 420 648 Laomedonque
438 587 535 629 senex
551 565 762 647 Priamusque
779 565 950 628 novissima
968 565 1085 632 Troiae

170 661 312 736 tempora
330 650 467 714 sortitus.
511 649 609 715 frater
625 650 686 714 fuit
703 651 851 715 Hectoris
869 650 943 715 iste:

169 737 224 819 qui
240 736 301 800 nisi
319 737 467 800 sensisset
484 736 586 819 prima
603 757 687 799 nova
704 737 770 800 fata
787 736 926 811 iuventa,

102 841 151 890 760
168 821 301 885 forsitan
317 821 448 885 inferius
465 843 530 885 non
547 822 686 886 Hectore
704 843 819 884 nomen
836 821 981 898 haberet3

170 907 313 990 quamvis
333 919 380 972 est
396 907 485 970 illum
525 907 607 970 roles
625 906 719 970 enixa
736 906 916 991 Dymantis,

169 994 318 1057 Aesacon
334 992 485 1056 umbrosa
538 992 611 1056 rtim
628 992 787 1076 peperisse
806 993 865 1055 sub
883 992 943 1056 Ida

169 1078 269 1143 fertur
286 1078 459 1143 Alexirhoe'
477 1076 617 1143 Granico
635 1089 710 1141 nata
727 1077 857 1142 bicorni.

170 1163 280 1228 oderat
296 1164 348 1229 hic
364 1164 459 1228 urbes
477 1163 638 1246 nitidaque
656 1174 795 1228 remotus
813 1164 853 1227 ab
871 1163 945 1228 aula

104 1269 152 1319 765
171 1260 307 1314 secretos
325 1260 447 1313 montes
466 1261 497 1312 et
513 1249 714 1313 inambitiosa
732 1249 855 1313 colebat

119 1404 121 1407 ,
169 1357 257 1412 rura,
275 1357 333 1400 nec
350 1335 465 1398 Hiacos
484 1345 592 1399 coetus
610 1334 671 1398 nisi
688 1357 777 1398 rarus
796 1334 912 1398 adibat.

169 1442 233 1485 non
251 1430 375 1506 agreste
393 1431 499 1484 tamen
516 1442 575 1485 neo
591 1420 838 1505 inexpugnabile
856 1420 969 1484 Amori

65 1583 66 1586 Ἴ
171 1517 282 1591 pectus
299 1506 434 1582 habeus,
453 1506 548 1569 silvas
566 1517 724 1590 captatam
743 1529 837 1591 saepe
854 1529 911 1591 per
929 1528 1039 1571 omnes

171 1591 284 1676 aspicit
301 1591 480 1675 Hesperien
496 1590 599 1675 patria
617 1589 797 1655 Cebrenida
814 1593 893 1677 ripa,

103 1699 153 1747 tro
170 1677 301 1740 iniectos
319 1677 435 1740 umeris
453 1677 623 1741 siccantem
640 1676 704 1741 sole
723 1677 861 1762 capillos.

170 1762 239 1826 visa
256 1761 338 1847 fugit
354 1761 508 1846 nymphe,
526 1761 624 1826 veluti
640 1763 805 1845 perterrita
821 1762 946 1826 fulvum

171 1868 264 1912 cerva
279 1847 405 1932 lupum,
429 1847 564 1933 longeve
591 1847 663 1912 lacu
687 1848 842 1933 deprensa
859 1849 967 1912 relicto

172 1933 352 2018 accipitrem
369 1933 504 1996 fluvialis
522 1954 608 1996 anas.
652 1954 749 2016 quam
766 1931 881 1997 Tro'r'us
899 1932 992 1998 heros

171 2018 346 2102 insequitur
363 2017 560 2101 celeremque
577 2027 663 2082 metu
681 2019 764 2083 celer
780 2031 874 2104 urget
892 2041 1009 2085 amore.

106 2123 153 2172 775
173 2125 246 2168 ecoe
263 2105 362 2168 latens
381 2103 480 2168 herba
498 2102 626 2167 coluber
643 2103 794 2188 frugientis
812 2105 935 2168 adunco

172 2189 265 2254 dente
283 2190 396 2272 pedem
414 2188 539 2254 strinxit
555 2188 705 2273 virusque
722 2191 755 2253 in
773 2211 902 2275 corpore
920 2191 1022 2273 liquit.

172 2297 245 2339 cum
262 2275 328 2339 vita
346 2297 515 2359 suppressa
531 2274 610 2359 fuga
627 2284 684 2338 est.
729 2275 929 2361 amplectitur
947 2299 1058 2341 amens

172 2362 349 2424 exanimem
368 2361 545 2443 clamatque
563 2359 689 2445 “piget,
707 2361 795 2445 piget
813 2383 881 2425 esse
900 2372 1060 2426 secutum:

172 2447 228 2510 sed
246 2468 310 2509 non
327 2446 388 2510 hoc
405 2445 511 2522 timui,
530 2467 633 2530 neque
651 2459 718 2512 erat
734 2449 811 2512 mihi
830 2449 957 2513 vincere
975 2448 1065 2513 tanti.

105 2552 154 2600 780
171 2531 364 2617 perdidimus
382 2530 530 2595 miseram
546 2551 603 2594 nos
621 2540 652 2595 te
670 2531 748 2594 duo:
766 2531 881 2595 vulnus
899 2530 940 2594 ab
958 2553 1074 2616 angue,

172 2641 192 2681 a
208 2640 259 2682 me
278 2638 373 2681 causa
391 2617 465 2680 data
482 2626 538 2680 est.
582 2637 642 2700 ego
661 2639 731 2680 sum
749 2616 929 2681 sceleratior
945 2616 1013 2680 illo:

172 2703 228 2785 qui
245 2702 302 2767 tibi
318 2713 419 2766 morte
436 2724 508 2765 mea
525 2701 633 2765 mortis
652 2701 768 2765 solacia
784 2701 937 2764 mitta.m.'’

172 2787 251 2851 dixit
268 2798 300 2851 et
317 2810 334 2852 e
352 2788 496 2872 scopulo,
515 2808 609 2870 quem
627 2809 723 2850 rauca
741 2787 909 2851 subederat
926 2788 1023 2864 unda,

172 2897 206 2939 se
225 2873 311 2938 dedit
326 2873 360 2937 in
377 2883 518 2958 pontum.
562 2872 684 2957 Tethys
701 2873 849 2938 miserata
867 2871 1032 2937 cadentem

107 2978 154 3028 785
172 2960 307 3024 molliter
324 2958 448 3042 excepit
464 2971 656 3040 nantemque
674 2981 730 3043 per
748 2979 886 3041 aequora
902 2959 1015 3041 pennis

172 3045 264 3121 texit3
283 3055 314 3110 et
331 3055 457 3130 optatae
474 3066 539 3107 non
557 3056 604 3108 est
622 3044 696 3108 data
714 3043 804 3129 copia
821 3043 940 3108 mortis.

172 3130 355 3215 indignatur
372 3152 497 3206 amans,
515 3128 649 3193 invitum
667 3129 773 3194 vivere
791 3129 873 3214 cogi,

173 3216 352 3298 obstarique
370 3215 493 3279 animae
510 3214 626 3279 misera
642 3215 682 3280 de
700 3215 775 3280 sede
791 3214 910 3279 volenti

172 3302 267 3366 exire.
311 3312 409 3384 utque
426 3322 524 3364 novas
541 3298 657 3364 umeris
676 3310 889 3385 assumpserat
906 3300 983 3376 alas,

106 3407 155 3455 790
173 3388 319 3451 subvolat
336 3397 430 3469 atque
447 3385 562 3450 iterum
580 3407 693 3471 corpus
712 3409 807 3471 super
824 3407 962 3468 aequora
979 3385 1083 3450 mittit.

173 3474 281 3557 pluma
297 3473 381 3536 levat
399 3494 500 3535 casus.
544 3471 621 3535 furit
637 3472 780 3536 Aesacos
797 3472 892 3555 inque
910 3471 1106 3556 profundum

172 3581 291 3642 pronus
309 3557 375 3621 abit
391 3557 508 3640 letique
525 3558 610 3621 viam
629 3557 696 3621 sine
712 3557 775 3622 fine
793 3567 972 3641 retemptat.

173 3644 248 3708 fecit
264 3665 352 3706 amor
369 3643 516 3706 maciem:
537 3643 633 3726 longa
649 3642 826 3707 internodia
843 3664 981 3718 crurum,

173 3729 269 3813 longa
286 3739 393 3792 manet
411 3727 533 3803 cervix3
552 3739 648 3811 caput
666 3740 712 3793 est
731 3753 750 3793 a
767 3750 896 3813 corpore
913 3729 1019 3813 longe.

107 3833 155 3882 795
174 3836 291 3898 aequor
309 3824 408 3891 amat,
425 3835 603 3897 nomenque
622 3823 720 3889 tenet,
738 3813 813 3901 quia
831 3813 984 3900 mergitur
1001 3811 1073 3877 illo.’
