2574 4478
177 290 239 357 104
505 303 538 358 Ρ.
557 292 681 361 ovmn
698 303 860 361 NASONIS

176 428 227 491 cui
245 427 286 491 sis
305 437 416 513 nupta,
433 426 521 502 vide,
539 428 704 492 Pandione
722 440 810 505 nata,
828 427 951 491 marito.

108 533 157 582 666
176 514 363 598 degeneras:
381 514 482 577 scelus
501 524 549 578 est
564 513 665 599 pietas
683 513 716 576 in
734 514 868 598 coniuge
886 509 1010 578 Tereo?

175 621 235 664 nec
251 621 355 664 mora:
373 599 469 663 traxit
485 599 573 684 Ityn,
591 598 690 664 veluti
708 597 887 684 Gangetica
904 620 1017 664 cervae

175 685 343 751 lactentem
360 684 461 749 fetum
478 707 535 768 per
552 685 646 749 silvas
664 685 754 770 tigris
772 706 898 770 opacae.

175 782 273 854 utque
291 771 403 834 domus
421 770 502 834 altae
520 781 642 854 partem
660 781 788 835 tenuere
805 782 969 846 remotam,

175 856 419 939 tendentemque
436 878 549 919 manus
567 868 598 920 et
614 856 678 919 iam
697 879 754 920 sua
772 855 838 919 fata
855 854 1016 920 videntem

108 964 158 1012 640
176 956 207 1006 et
225 950 348 1019 ‘maten
366 941 479 1005 mater’
499 942 686 1005 clamantem
704 952 735 1005 et
753 942 833 1004 colla
850 951 1009 1025 petentem

175 1051 250 1092 ense
268 1027 341 1092 ferit
356 1026 498 1112 Progne,
516 1026 605 1090 lateri
623 1047 687 1109 qua
703 1041 814 1111 pectus
832 1026 991 1103 adhaeret,

174 1135 234 1178 nec
251 1114 373 1177 vultum
392 1112 493 1176 vertit.
538 1113 613 1176 satis
630 1112 675 1175 illi
693 1111 818 1176 adfata
836 1111 887 1176 vel
904 1134 1003 1175 unum

175 1199 290 1262 vulnus
308 1209 388 1263 erat:
405 1197 550 1282 iugulum
568 1196 651 1261 ferro
668 1195 846 1261 Philomela
863 1197 1001 1272 resolvit,

175 1285 311 1367 vivaque
328 1283 432 1347 adhuc
449 1282 635 1365 animaeque
653 1282 772 1365 aliquid
788 1283 955 1347 retinentia
972 1283 1116 1348 membra

108 1391 157 1441 645
176 1370 338 1433 dilaniant.
381 1391 454 1453 pars
471 1369 544 1432 inde
563 1369 648 1432 cavis
667 1368 787 1433 exultat
804 1369 901 1446 aenis,

198 1479 248 1519 ars
266 1455 393 1519 veribus
410 1454 560 1530 stridunt3
577 1465 708 1517 manant
725 1454 896 1538 penetralia
914 1454 999 1519 tabo.

175 1479 224 1605 lis
242 1540 371 1605 adhibet
389 1539 525 1604 coniunx
541 1539 686 1624 ignarum
706 1538 808 1604 Terea
826 1539 953 1616 mensis,

176 1638 208 1692 et
223 1626 316 1711 patrii
333 1625 428 1688 moris
446 1647 571 1688 sacrum
588 1624 734 1700 mentita,
753 1624 838 1706 quod
854 1624 911 1689 uni

175 1711 224 1775 fas
242 1712 283 1775 sit
300 1711 386 1774 adire
404 1711 482 1786 viro,
500 1710 629 1774 comites
646 1709 846 1794 famulosque
863 1709 1006 1775 removit.

108 1816 158 1865 656
175 1796 243 1881 ipse
261 1796 373 1861 sedens
392 1795 468 1860 solio
487 1795 608 1859 Tereus
625 1794 768 1859 sublimis
786 1796 871 1859 avito

176 1882 313 1946 vescitur
328 1882 425 1964 inque
442 1903 533 1944 suam
551 1903 609 1944 sua
625 1881 747 1944 viscera
764 1881 906 1966 congerit
923 1881 1040 1944 alvum.

176 1978 327 2050 tantaque
343 1988 408 2030 nox
426 1966 521 2029 animi
539 1977 601 2030 est:
619 1965 709 2050 ‘Ityn
726 1966 788 2030 huc
806 1967 970 2031 accersite'
989 1965 1079 2031 dixit.

176 2052 372 2116 dissimulare
389 2051 499 2134 nequit
517 2051 656 2116 crudelia
673 2051 791 2136 gaudia
807 2050 950 2137 Progne:

175 2139 302 2221 iamque
320 2160 395 2201 suae
413 2137 543 2222 cupiens
561 2137 696 2201 existere
712 2136 824 2201 nuntia
841 2138 939 2202 cladis

108 2244 157 2293 656
176 2224 273 2287 ‘intus
290 2223 399 2295 habes,
417 2245 511 2305 quem
529 2223 646 2306 poscis'
666 2223 718 2286 ait.
762 2223 974 2306 circumspicit
990 2222 1053 2298 ille,

176 2321 270 2393 atque
287 2308 343 2372 ubi
360 2309 414 2385 sit,
433 2309 564 2391 quaerit.
609 2309 772 2390 quaerenti
789 2308 966 2390 iterumque
984 2309 1123 2386 vocanti,

175 2396 255 2459 sicut
274 2405 341 2458 erat
357 2395 472 2479 sparsis
490 2392 595 2457 furiali
613 2394 708 2458 caede
727 2392 857 2478 capillis,

175 2480 318 2565 prosiluit
334 2479 478 2564 Ityisque
495 2492 592 2563 caput
607 2477 785 2543 Philomela
802 2490 966 2544 cruentum

174 2565 259 2628 misit
275 2564 308 2628 in
327 2586 382 2628 ora
398 2564 505 2649 patris.
548 2584 607 2627 nec
625 2576 765 2648 tempore
781 2565 893 2628 maluit
911 2565 975 2629 ullo

108 2671 158 2720 666
176 2673 268 2734 posse
285 2650 371 2734 loqui
388 2663 420 2714 et
437 2648 550 2714 mentis
567 2649 676 2713 testari
693 2650 810 2734 gaudia
827 2650 927 2714 dictis.

174 2736 329 2800 Thracius
345 2736 467 2820 ingenti
484 2757 609 2799 mensas
627 2735 763 2812 clamore
781 2737 904 2820 repellit
1006 2758 1008 2763 ·

174 2820 378 2906 vipereasque
396 2820 457 2885 ciet
475 2819 589 2905 Stygia
606 2821 646 2885 de
663 2821 744 2885 valle
763 2843 899 2898 sorores;

175 2918 207 2970 et
222 2907 331 2981 modo,
350 2906 376 2970 si
394 2905 507 2990 possit,
524 2917 661 2970 reserato
678 2918 805 2990 pectore
823 2906 907 2970 diras

175 3015 302 3076 egerere
319 2991 392 3055 inde
411 2992 507 3075 dapes
533 2991 732 3074 inmersaque
750 2993 871 3056 viscera
889 2992 999 3076 gestitr

106 3097 155 3148 665
173 3079 227 3141 flet
244 3077 338 3141 modo
355 3098 452 3160 seque
471 3090 562 3140 vocat
579 3077 708 3140 bustum
725 3077 903 3141 miserabile
920 3077 1000 3141 natis

172 3185 258 3227 nunc
275 3162 416 3246 sequitur
433 3162 518 3225 nudo
535 3162 659 3246 genitas
676 3161 841 3227 Pandione
858 3163 952 3227 ferro.

173 3270 304 3332 corpora
322 3245 536 3332 Cecropidum
554 3246 665 3331 pennis
682 3247 820 3332 pendere
836 3259 978 3334 putares:

172 3333 351 3419 pendebant
368 3332 488 3418 pennis.
532 3354 666 3415 quarum
682 3332 762 3417 petit
779 3333 877 3398 altera
894 3333 1004 3410 silvas3

173 3420 271 3483 altera
288 3429 370 3483 tecta
388 3418 486 3492 subit,
504 3439 607 3501 neque
625 3417 729 3482 adhuc
747 3418 787 3482 de
804 3430 931 3504 pectore
949 3419 1056 3483 caedis

105 3526 155 3574 ero
173 3526 334 3569 excessere
351 3515 459 3581 notae,
478 3503 665 3589 signataque
682 3504 836 3588 sanguine
853 3505 962 3588 pluma
980 3515 1037 3568 est.

172 3591 224 3653 ille
243 3590 348 3654 dolore
367 3613 424 3653 suo
442 3611 626 3673 poenaeque
645 3589 792 3673 cupidine
809 3590 902 3654 velox

172 3675 303 3738 vertitur
320 3676 351 3738 in
369 3676 544 3751 volucrem,
562 3675 613 3739 cui
631 3685 715 3738 stant
731 3675 765 3738 in
783 3675 899 3740 vertice
917 3675 1042 3752 cristae,

194 3762 327 3824 rominet
344 3760 547 3824 immodicum
566 3760 739 3846 praelonga
754 3760 884 3845 cuspide
902 3772 1050 3826 rostrum.

172 3783 302 3930 ihomen
321 3868 418 3930 epops
436 3844 556 3909 volucri
562 3868 571 3920 3
589 3845 687 3910 facies
705 3857 826 3909 armata
843 3843 992 3931 videtum]

103 3951 152 4001 676
214 3931 277 3995 Hic
294 3931 383 3994 dolor
399 3930 569 3996 antediem
587 3930 765 4015 longaeque
782 3942 924 3996 extrema
941 3942 1087 4000 senectae
1117 3934 1176 4016 Orf-

171 4027 312 4100 tempora
329 4016 496 4081 Tartareas
513 4014 680 4079 Pandiona
697 4015 781 4080 misit
798 4015 839 4080 ad
856 4017 995 4082 umbras.
1107 4004 1181 4074 rtyra.

170 4115 294 4186 sceptra
310 4101 371 4164 loci
388 4122 556 4184 rerumque
573 4101 658 4186 capit
675 4102 877 4167 moderamen
895 4101 1107 4180 Erechtheus,

160 4186 285 4258 iustitia
303 4187 436 4256 dubium
453 4187 605 4258 validisne
622 4186 778 4275 potentior
795 4211 900 4255 armis.
