2574 4478
235 278 602 336 METAMORPHOSEON
620 280 691 335 LIB.
711 279 760 336 VI.
780 280 923 336 545-633.
1026 266 1087 332 103

64 412 160 468 nocte
178 413 269 468 sonat
287 403 442 488 Rhodope
460 403 623 467 tinnitibus
641 403 721 467 aeris
740 404 837 481 acuti3

64 500 160 554 nocte
178 512 238 553 suo
254 500 302 553 est
319 512 447 573 egressa
464 488 557 553 domo
575 488 699 573 regina,
717 489 831 573 deique
1104 506 1155 558 590

63 575 178 640 ritibus
197 575 361 639 instruitur
378 574 566 657 furialiaque
584 574 698 660 accipit
715 598 816 639 arma:

65 662 129 727 vite
148 671 245 745 caput
261 661 388 744 tegitur,
406 660 496 725 lateri
515 660 641 725 cervina
658 660 782 725 sinistro

64 747 184 812 vellera
202 746 394 830 dependent,
412 767 521 810 umero
538 745 616 810 levis
632 745 762 810 incubat
779 745 878 810 hasta.

65 831 191 897 concita
208 854 265 917 per
281 830 377 896 silvas
394 831 488 895 turba
506 831 673 895 comitante
692 854 819 894 suarum

64 916 215 984 terribilis
232 916 371 1002 Progne,
390 916 544 1000 furiisque
563 917 681 1001 agitata
699 917 824 992 doloris,

64 1002 209 1078 Bacche,
228 1013 298 1066 tuas
317 1002 453 1066 simulat.
497 1001 584 1066 venit
601 1002 642 1065 ad
659 1003 784 1066 stabula
801 1002 872 1066 avia
890 1002 1018 1067 tandem

64 1089 270 1171 exululatque
288 1087 453 1171 euhoeque
471 1099 562 1151 sonat
579 1099 748 1172 portasque
766 1088 910 1172 refringit

64 1193 313 1261 germanamque
330 1173 412 1257 rapit
429 1183 601 1257 raptaeque
617 1172 755 1258 insignia
771 1173 892 1237 Bacchi

64 1261 168 1325 induit
186 1271 218 1324 et
235 1259 339 1323 vultus
358 1258 545 1322 hederarum
562 1258 727 1322 frondibus
746 1258 833 1323 abdit

64 1347 294 1428 attonitamque
311 1343 438 1409 trahens
455 1344 538 1407 intra
556 1366 614 1408 sua
630 1343 756 1408 moenia
773 1343 869 1408 ducit.

64 1443 99 1497 ut
116 1431 217 1496 sensit
233 1429 374 1514 tetigisse
392 1429 521 1493 domum
538 1428 716 1493 Philomela
732 1428 913 1508 nefandam,

64 1517 188 1582 horruit
203 1515 314 1580 infelix
332 1525 461 1597 totoque
480 1514 633 1598 expalluit
649 1536 713 1580 ore.

63 1615 159 1668 nacta
176 1601 281 1665 locum
298 1600 427 1685 Progne
445 1622 605 1664 sacrorum
622 1600 754 1686 pignora
771 1601 869 1666 demit

64 1709 184 1772 oraque
202 1686 327 1752 develat
342 1687 474 1752 miserae
492 1685 679 1771 pudibunda
696 1687 811 1751 sororis

64 1772 293 1859 amplexusque
320 1771 409 1857 petit.
459 1770 597 1836 sednon
614 1773 755 1836 attollere
774 1784 883 1838 contra

64 1858 201 1925 sustinet
217 1857 295 1921 haec
312 1857 435 1932 oculos,
452 1857 565 1942 paelex
584 1857 644 1920 sibi
661 1857 729 1922 visa
746 1859 876 1923 sororis:

64 1945 252 2026 deiectoque
269 1941 301 2005 in
319 1942 452 2007 humum
469 1942 559 2005 vultu
576 1943 679 2008 iurare
698 1944 815 2008 volenti

63 2029 237 2111 testarique
254 2028 344 2104 deos,
361 2027 500 2113 pervim
517 2027 578 2091 sibi
595 2028 733 2093 dedecus
749 2028 829 2092 illud

63 2116 204 2191 illatum,
221 2135 278 2199 pro
297 2135 374 2177 voce
391 2136 504 2178 manus
522 2112 591 2178 fuit.
635 2114 725 2178 ardet
742 2124 774 2178 et
790 2114 869 2178 iram

63 2225 129 2266 non
148 2199 234 2284 capit
250 2199 319 2284 ipsa
337 2222 428 2264 suam
443 2198 586 2283 Progne,
603 2199 776 2283 fletumque
793 2199 907 2264 sororis

64 2287 237 2370 corripiens
256 2291 334 2348 ‘non
351 2295 398 2349 est
415 2284 551 2348 lacrimis
569 2284 634 2348 hic’
652 2285 755 2368 inquit
772 2285 956 2371 ‘agendum

65 2372 122 2438 sed
140 2373 239 2446 ferro,
257 2370 315 2434 sed
332 2368 359 2434 si
377 2369 454 2454 quid
470 2369 583 2447 habes,
600 2370 687 2453 quod
704 2370 830 2435 vincere
847 2370 966 2435 ferrum

62 2458 174 2544 possit.
218 2456 252 2519 in
268 2477 361 2519 omne
378 2455 468 2520 nefas
486 2476 546 2540 ego
563 2478 628 2533 me,
646 2479 813 2541 germana,
830 2456 949 2541 paravi.

64 2557 121 2608 aut
139 2565 210 2628 ego,
229 2564 302 2606 cum
319 2541 442 2606 facibus
460 2541 579 2626 regalia
595 2552 679 2606 tecta
697 2542 853 2620 cremabo,

64 2629 219 2694 artificem
235 2626 346 2691 mediis
364 2625 531 2690 immittam
548 2626 651 2691 Terea
667 2627 817 2692 fiammis:
1103 2652 1151 2700 615

64 2726 121 2780 aut
137 2714 282 2799 linguam
299 2722 355 2776 aut
371 2712 493 2787 oculos,
512 2723 568 2776 aut
584 2734 666 2796 quae
684 2713 741 2777 tibi
758 2713 901 2777 membra
918 2716 1071 2799 pudorem

64 2800 276 2874 abstulerunt,
294 2798 377 2863 ferro
394 2798 531 2882 rapiam,
549 2810 604 2861 aut
620 2821 678 2883 per
694 2798 826 2863 vulnera
842 2800 928 2863 mille

64 2897 189 2951 sontem
206 2884 344 2948 animam
361 2883 526 2968 expellam.
561 2907 713 2968 magnum
731 2885 954 2968 quodcumque
971 2888 1095 2970 paravi3

63 2971 144 3055 quid
161 2971 215 3047 sit,
235 2969 338 3033 adhuc
356 2968 486 3033 dubito!
529 2969 654 3054 peragit
671 2970 747 3034 dum
764 2970 839 3034 talia
855 2969 994 3056 Progne,

64 3058 105 3121 ad
122 3067 256 3120 matrem
275 3054 422 3120 veniebat
438 3055 516 3139 Itys.
560 3054 637 3138 quid
654 3056 767 3140 possit,
786 3056 827 3119 ab
844 3055 897 3119 illo
1102 3078 1151 3128 620

64 3141 228 3207 admonita
244 3151 300 3205 est.
345 3140 507 3223 oculisque
524 3151 616 3204 tuens
634 3139 808 3206 immitibus
827 3149 875 3218 ‘a,
893 3163 989 3225 quam

63 3251 96 3292 es
115 3226 227 3292 similis
244 3224 354 3310 patril'
373 3225 461 3289 dixit.
504 3247 564 3290 nec
580 3226 673 3310 plura
690 3227 795 3290 locuta

62 3314 151 3378 triste
169 3324 261 3398 parat
277 3311 400 3376 facinus
418 3311 575 3394 tacitaque
594 3322 756 3376 exaestuat
773 3312 831 3377 ira.

62 3411 97 3464 ut
115 3412 223 3463 tamen
241 3397 372 3462 accessit
388 3408 481 3460 natus
498 3396 655 3480 matrique
673 3397 806 3462 salutem

62 3485 167 3550 attulit
185 3494 217 3548 et
233 3483 338 3568 parvis
356 3483 488 3546 adduxit
505 3483 585 3546 oolla
601 3482 726 3548 lacertis

60 3571 223 3652 mixtaque
242 3567 400 3632 blanditiis
417 3567 589 3652 puerilibus
608 3569 716 3632 oscula
733 3568 844 3645 iunxit,

60 3667 147 3720 mota
164 3654 292 3737 quidem
311 3664 359 3718 est
375 3652 533 3738 genetrix,
549 3653 746 3737 infractaque
765 3653 902 3718 constitit
918 3653 975 3732 ira,

58 3740 214 3824 invitique
233 3739 315 3804 oculi
332 3738 469 3803 lacrimis
485 3738 635 3804 maduere
653 3740 779 3804 coactis.

58 3829 115 3892 sed
133 3825 228 3892 simul
246 3849 286 3890 ex
303 3824 401 3888 nimia
416 3835 554 3890 mentem
571 3825 687 3909 pietate
703 3826 810 3891 labare

56 3912 171 3990 sensit,
189 3911 232 3977 ab
248 3910 309 3975 hoo
325 3910 440 3974 iterum
458 3921 504 3974 est
522 3910 563 3974 ad
581 3912 687 3976 vultus
705 3933 797 3976 versa
814 3910 939 3989 sororis,
1099 3934 1148 3983 630

10 4052 12 4057 .
55 3998 154 4083 inque
172 3997 276 4062 vicem
294 4006 440 4081 spectans
458 3996 567 4060 ambos
586 4001 658 4061 ‘cur
675 3995 836 4061 admovet’
854 3996 956 4081 inquit

10 4110 17 4157 ς·
55 4086 151 4150 ‘alter
168 4082 353 4157 blanditias,
371 4092 462 4166 rapta
478 4080 549 4146 silet
566 4082 664 4146 altera
680 4082 808 4167 lingua?

10 4176 13 4261 ζ
55 4190 152 4258 quam
169 4179 263 4239 vocat
279 4167 331 4234 hic
347 4177 495 4244 matrem,
513 4189 570 4234 our
586 4189 651 4235 non
668 4179 764 4236 vocat
777 4168 837 4239 illa
851 4168 1015 4237 sororemt
