2574 4478
171 176 234 243 194
502 189 535 244 Ρ.
554 177 678 246 OVIDII
695 186 857 245 NASONIS

101 333 152 384 580
168 327 266 399 utque
284 313 366 378 foret
383 334 491 398 sospes
509 312 646 376 coniunx
664 335 741 376 suus
757 321 855 396 utque
873 310 998 386 rediret,

170 400 312 485 optabat,
329 399 513 481 nullamque
531 397 592 461 sibi
608 397 791 483 praeferret.
834 407 867 460 at
883 396 930 461 illi

168 486 229 550 hoc
247 486 286 550 de
304 495 351 549 tot
367 483 448 548 votis
465 494 589 568 poterat
606 483 788 569 contingere
806 482 918 547 solum.

210 572 258 634 At
275 572 335 635 dea
351 590 415 634 non
431 571 515 633 ultra
532 590 589 654 pro
607 568 715 633 functo
733 580 833 632 morte
850 567 956 652 rogari

169 657 309 720 sustinet.
353 665 451 737 utque
468 677 580 719 manus
597 654 738 719 funestas
756 665 862 718 arceat
879 653 951 731 aris,

101 760 150 811 585
169 741 238 818 ‘Iri,
256 741 359 805 meae’
379 740 459 805 dixit
476 740 641 804 ‘fidissima
658 739 769 804 nuntia
786 739 883 816 vocis,

169 827 235 891 vise
254 825 459 926 soporiferam
478 824 590 891 Somni
607 826 757 890 velociter
774 825 889 902 aulam,

169 912 361 996 extinctrque
378 911 453 975 iube
472 909 587 995 Ceycis
603 910 742 995 imagine
759 910 864 988 mittat

170 994 302 1062 Somnia
319 997 360 1061 ad
376 997 544 1080 Alcyonen
562 1018 653 1060 veros
669 997 829 1060 narrantia
847 994 959 1061 casus!

169 1082 301 1147 dixerat.
344 1081 485 1146 induitur
501 1081 659 1147 velamina
675 1081 760 1146 mille
779 1082 920 1146 colorum

102 1186 152 1236 590
169 1168 244 1246 Iris,
262 1181 294 1233 et
311 1178 440 1232 arcuato
458 1167 580 1232 caelum
598 1167 780 1231 curvamine
798 1167 926 1252 signans

169 1264 253 1319 tecta
269 1254 348 1339 petit
363 1253 441 1317 iussi
459 1252 519 1317 sub
536 1253 621 1317 nube
637 1252 767 1317 latentia
783 1253 878 1337 regis.

211 1339 272 1403 Est
288 1360 387 1424 prope
405 1336 593 1403 Cimmerios
610 1339 706 1423 longo
724 1338 874 1424 spelunca
890 1359 1029 1415 recessu,

169 1446 260 1489 mons
279 1446 389 1499 cavus,
406 1422 515 1509 ignavi
532 1423 645 1488 domus
662 1434 694 1488 ct
711 1422 883 1509 penetralia
902 1422 1028 1488 Somni:

170 1531 233 1593 quo
250 1530 425 1592 numquam
442 1509 538 1573 radiis
556 1510 659 1573 oriens
677 1509 839 1573 mediusve
857 1509 1014 1573 cadensve

40 1626 41 1630 ¹
102 1613 151 1664 595
169 1595 320 1660 Phoebus
338 1594 424 1660 adire
441 1605 554 1680 potest.
597 1595 732 1659 nebulae
751 1594 885 1680 caligine
903 1594 1021 1658 mixtae

170 1681 335 1745 exalantur
351 1680 459 1757 humo,
477 1679 655 1762 dubiaeque
673 1681 859 1766 crepuscula
875 1679 966 1744 lucis·

170 1789 234 1830 non
251 1765 327 1851 vigil
346 1766 411 1830 ales
427 1765 472 1828 ibi
490 1765 608 1830 cristati
626 1765 770 1830 cantibus
787 1765 850 1830 oris
920 1779 922 1784 ’

171 1864 282 1917 evocat
299 1853 472 1927 Auroram,
489 1873 549 1915 nec
566 1872 644 1915 voce
661 1851 784 1915 silentia
799 1861 951 1937 rumpunt

170 1937 333 2002 sollicitive
350 1959 444 2000 canes
463 1936 634 2001 canibusve
652 1937 795 2021 sagacior
812 1960 914 2002 auser.

103 2039 153 2091 600
170 2043 234 2086 000
251 2023 332 2098 fera,
350 2045 414 2086 non
431 2022 582 2106 pecudes,
600 2045 664 2087 nou
681 2022 759 2086 moti
775 2022 902 2087 flamine
920 2021 1011 2101 rami,

170 2108 367 2172 humanaeve
384 2129 497 2172 sonum
514 2108 650 2172 reddunt
667 2108 809 2172 convicia
824 2108 870 2173 lin
893 2131 964 2173 uae.

170 2204 259 2258 muta
276 2193 364 2276 quies
382 2193 513 2257 habitat.
557 2216 633 2258 saxo
651 2203 758 2258 tamen
775 2193 840 2257 exit
857 2130 898 2257 ab
916 2193 980 2257 imo

170 2278 257 2343 rivus
276 2300 376 2362 aquae
395 2278 528 2354 Lethes,
545 2302 602 2364 per
619 2301 714 2362 quem
732 2302 805 2344 cum
822 2301 984 2344 murmure
1001 2280 1113 2346 labens

171 2364 283 2428 invitat
301 2386 426 2427 somnos
445 2364 670 2449 crepitantibus
688 2365 774 2429 unda
791 2365 914 2450 lapillis.

105 2467 153 2516 605
171 2461 244 2514 ante
261 2450 345 2514 fores
363 2450 443 2513 antri
461 2449 598 2514 fecunda
614 2473 774 2535 papavera
790 2451 903 2517 florent

170 2534 415 2619 innumeraeque
433 2535 563 2611 herbae,
582 2557 715 2617 quarum
734 2537 773 2600 de
790 2537 871 2601 lacte
889 2558 1036 2622 soporem

170 2619 245 2684 Nox
262 2621 339 2705 legit
356 2631 386 2685 et
403 2620 523 2705 spargit
540 2643 596 2704 per
614 2643 728 2706 opacas
746 2621 855 2686 umida
871 2631 981 2687 terras.

170 2704 266 2769 ianua
280 2728 339 2770 nec
356 2727 447 2771 verso
465 2706 612 2770 stridores
631 2707 757 2770 cardine
774 2707 889 2772 reddit:

171 2791 259 2855 nulla
276 2790 370 2855 domo
388 2802 469 2868 tota,
488 2802 593 2855 custos
610 2791 643 2855 in
661 2790 768 2856 limine
786 2793 901 2857 nullus.

105 2893 154 2944 610
172 2886 205 2940 at
222 2876 326 2940 medio
344 2888 430 2941 torus
449 2887 497 2941 est
515 2876 615 2941 ebeno
634 2876 775 2941 sublimis
792 2877 826 2941 in
844 2888 944 2955 antro,

171 2962 331 3048 plumeus‚
349 2961 500 3038 unicolor,
518 2962 604 3047 pullo
622 2962 778 3027 velamine
795 2974 912 3028 tectus:

171 3068 236 3130 quo
254 3048 350 3112 cubat
366 3047 434 3132 ipse
452 3047 530 3111 deus
548 3047 696 3112 membris
714 3049 867 3133 languore
884 3049 1005 3114 solutis.

171 3131 257 3196 hunc
274 3131 357 3197 circa
374 3131 492 3218 passim
509 3132 611 3197 varias
629 3133 784 3198 imitantia
800 3134 918 3199 formas

173 3214 305 3282 Somnia
321 3241 404 3282 vana
420 3218 524 3282 iacent
541 3219 686 3295 totidem,
705 3230 782 3302 quot
799 3220 910 3285 messis
927 3222 1049 3295 aristas,

105 3320 153 3369 615
173 3303 252 3366 silva
268 3304 350 3402 gerit
367 3304 508 3378 frondes,
528 3304 642 3368 eiectas
658 3304 732 3368 litus
750 3304 893 3370 harenas.

172 3410 235 3472 quo
254 3390 347 3452 00001
364 3388 492 3453 intravit
509 3389 717 3472 manibusque
736 3390 892 3455 obstantia
908 3390 1000 3476 virgo

174 3473 305 3540 Somnia
323 3474 468 3550 dimovit,
486 3475 581 3540 vestis
599 3476 724 3559 fulgore
741 3477 858 3540 reluxit

173 3580 262 3623 sacra
279 3558 401 3624 domus.
446 3560 598 3642 tardaque
616 3561 693 3624 deus
711 3562 866 3645 gravitate
883 3561 1023 3627 iacentes

171 3644 226 3708 vix
243 3644 350 3708 oculos
368 3645 479 3710 tollens
496 3646 672 3728 iterumque
690 3645 868 3730 iterumque
886 3647 1032 3713 relabens

105 3749 155 3797 620
173 3751 359 3812 summaque
376 3730 554 3815 percutiens
571 3732 696 3795 nutanti
712 3744 841 3817 pectora
858 3745 976 3811 mento,

172 3815 310 3878 excussit
327 3817 454 3880 tandem
472 3816 531 3880 sibi
550 3839 598 3893 se;
617 3817 786 3900 cubitoque
803 3819 936 3896 levatus,

172 3899 249 3981 quid
265 3900 372 3964 veniat
389 3901 551 3986 (cognovit
569 3901 676 3983 enim),
696 3903 833 3969 scitatur.
878 3918 911 3969 at
927 3905 995 3969 illa:

171 3981 319 4061 ‘Somne
337 3986 426 4071 quies
443 4010 562 4067 rerum,
579 3987 805 4075 placidissime,
824 3988 960 4068 Somne,
979 3990 1119 4070 deorum,
