2574 4478
235 299 602 358 METAMORPHOSEON
618 300 691 356 LIB.
710 300 745 356 V.
765 299 907 356 rar-258.
1035 287 1076 351 79

54 423 283 508 confessasque
300 448 413 490 manus
430 425 620 509 obliquaque
638 422 785 488 bracchia
802 425 932 488 tendens
1094 443 1144 492 215

56 510 194 588 ‘vincia’
214 511 257 575 ait
275 510 420 576 ‘Persen
464 532 591 575 remove
608 509 676 573 fera
693 520 846 585 monstra,
865 520 1000 593 tuaeque

55 597 205 662 saxificos
223 597 343 673 vultus,
361 618 580 680 quaecumque
598 619 649 672 ea,
668 595 741 660 tolle
758 595 928 659 Medusae:

55 683 147 758 tolle,
166 702 287 767 precor.
330 704 394 746 non
411 704 469 747 nos
488 682 595 746 odium
612 680 741 766 regnive
760 680 874 765 cupido

56 767 213 853 compulit
230 766 271 831 ad
288 766 421 832 bellum:
439 790 496 916 qro
515 767 648 850 coniuge
666 765 821 830 movimus
839 788 936 831 arma.

56 876 156 918 causa
173 851 235 916 fuit
251 852 370 917 meritis
391 876 443 918 me
456 853 503 917 'or
519 864 588 928 tua,
606 863 747 935 ternpore
764 863 880 915 nostra.
1095 872 1146 922 220

55 961 121 1003 non
140 937 272 1002 cessisse
289 938 386 1024 piget.
429 938 521 1015 nihil,
540 960 558 1002 o
576 937 758 1012 fortissime,
777 947 901 1022 praeter

56 1025 142 1089 hano
159 1023 298 1088 animam
315 1024 452 1089 concede
469 1023 560 1087 mihi:
579 1033 634 1086 tua
651 1032 755 1087 cetera
773 1022 886 1086 sunt0.’

57 1110 134 1174 talia
152 1108 268 1173 dicenti
286 1130 389 1191 neque
407 1132 493 1184 eum,
512 1131 606 1192 quem
625 1130 702 1172 voce
720 1108 862 1191 rogabat,

57 1195 216 1279 respicere
233 1194 361 1258 audenti
380 1195 500 1278 ‘qu0d,'
519 1195 572 1270 ait,
590 1193 802 1257 ‘timidissime
818 1192 956 1269 Phineu,

58 1291 90 1345 et
107 1302 240 1366 possum
257 1279 418 1356 tribuisse,
437 1291 468 1344 et
485 1302 637 1364 magnum
655 1290 702 1343 est
718 1301 833 1342 munus
851 1279 944 1343 inerti
960 1315 1002 1326 -
1097 1299 1146 1348 225

57 1387 141 1452 pone
158 1375 280 1430 metum
296 1401 339 1412 -
356 1365 507 1428 tribuam:
525 1364 612 1429 nullo
630 1364 788 1429 violabere
806 1363 899 1428 ferro.

59 1452 136 1534 quin
155 1449 251 1514 etiam
268 1473 417 1514 mansura
434 1450 517 1514 dabo
533 1449 727 1513 monimenta
744 1472 801 1534 per
817 1473 942 1527 aevum,

58 1537 155 1620 inque
174 1536 268 1599 domo
286 1536 386 1599 soceri
404 1559 527 1621 semper
544 1535 728 1620 spectabere
745 1536 854 1612 nostri,

58 1634 94 1686 ut
110 1644 185 1685 mea
201 1644 235 1685 se
253 1621 360 1706 sponsi
378 1621 495 1686 soletur
511 1621 575 1684 ima
599 1620 649 1685 'ne
667 1621 824 1684 coniunx!

59 1707 152 1772 dixit:
171 1717 203 1771 et
220 1707 253 1770 in
271 1716 392 1791 partem
408 1643 611 1790 Phorcynidal
628 1706 787 1771 transtulit
803 1707 900 1784 illam,
1097 1729 1147 1779 230

59 1794 100 1858 ad
118 1814 216 1876 quam
234 1815 268 1856 se
285 1791 407 1877 trepido
424 1791 566 1856 Phineus
583 1791 762 1856 obverterat
778 1814 841 1856 ore.

58 1890 127 1942 tum
147 1899 275 1961 quoque
292 1877 417 1941 conanti
436 1900 494 1941 sua
511 1888 631 1941 vertere
649 1876 769 1941 lumina
787 1878 894 1942 cervix

60 1964 213 2048 deriguit,
233 1984 373 2045 saxoque
391 1963 554 2027 oculorum
571 1962 711 2027 induruit
728 1984 828 2026 umor.

59 2050 115 2114 sed
133 2059 240 2113 tamen
259 2070 294 2111 os
312 2048 472 2124 timidum,
490 2049 658 2131 vultusque
676 2048 710 2111 in
728 2071 883 2113 marmore
900 2050 1044 2135 supplex,

60 2134 311 2216 summissaeque
328 2156 455 2209 manus,
474 2134 633 2216 faciesque
652 2133 788 2198 obnoxia
805 2135 929 2198 mansit.
1098 2158 1146 2205 235

100 2220 215 2286 Victor
232 2219 429 2284 Abantiades
447 2220 564 2303 patrios
583 2241 655 2283 oum
673 2219 807 2303 coniuge
824 2241 931 2284 muros
1028 2238 1146 2294 Hostus.

58 2305 170 2382 intrat,
189 2316 221 2370 et
238 2305 384 2369 immeriti
401 2305 519 2368 vindex
536 2304 680 2387 ultorque
698 2305 837 2389 parentis

59 2389 245 2477 aggreditur
261 2388 423 2454 Proetum.
467 2413 542 2454 narn
558 2390 654 2454 fratre
672 2413 730 2474 per
747 2412 835 2453 arma
852 2389 963 2475 fugato

58 2475 263 2541 Acrisioneas
280 2474 414 2540 Proetus
431 2475 614 2560 possederat
631 2497 728 2539 arces.

59 2562 116 2627 sed
134 2583 195 2626 nec
211 2583 271 2645 ope
288 2583 447 2624 armorum
463 2583 537 2638 nec,
556 2583 651 2645 quam
668 2561 750 2624 male
769 2570 908 2645 ceperat,
927 2585 998 2628 arce
1098 2585 1147 2634 240

58 2658 151 2712 torva
168 2646 350 2712 colubriferi
368 2647 528 2731 superavit
544 2647 664 2710 lumina
680 2647 820 2710 monstri.

101 2733 151 2796 Te
168 2743 290 2808 tamen,
308 2753 327 2796 o
344 2754 460 2816 parvae
477 2742 589 2808 rector,
606 2731 795 2816 Polydecta‚
815 2731 952 2818 Seriphi,
989 2751 1145 2819 Polydecten.

59 2840 119 2882 neo
137 2816 260 2882 iuvenis
279 2817 377 2881 virtus
395 2840 452 2902 per
469 2828 515 2881 tot
533 2827 673 2902 spectata
688 2818 823 2894 labores,

59 2925 119 2968 neo
136 2903 221 2966 mala
239 2902 424 2967 mollierant.
469 2903 524 2967 sed
541 2902 733 2968 inexorabile
752 2903 849 2967 durus

60 3010 189 3054 exerces
207 2986 329 3064 odium,
346 3009 405 3053 nec
422 2987 531 3071 iniqua
547 2988 618 3052 finis
634 2988 668 3052 in
685 2989 732 3052 ira
750 2998 807 3053 est.
1098 3012 1146 3060 245

60 3074 218 3139 detrectas
236 3073 331 3137 etiam
348 3073 482 3148 laudem,
500 3076 668 3156 fictamque
685 3074 841 3138 Medusae

60 3161 169 3244 arguis
188 3180 256 3223 esse
273 3180 393 3222 necem.
438 3158 597 3222 ‘dabimus
608 3159 672 3223 'tibi
689 3159 822 3243 pignora
838 3159 915 3222 veri.

59 3243 181 3330 parcite
198 3241 399 3307 luminibusl'
442 3242 579 3309 Perseus
598 3243 654 3318 ait,
673 3264 790 3327 oraque
808 3246 892 3328 regis

59 3351 113 3394 ore
131 3328 309 3393 Medusaeo
327 3327 446 3393 silicem
464 3329 531 3393 sine
549 3329 702 3414 sanguine
719 3328 803 3393 fecit.

100 3415 270 3478 Hactenus
287 3413 457 3499 aurigenae
475 3414 621 3478 comitem
640 3413 782 3478 Tritonia
799 3414 889 3478 fratri
974 3430 1147 3500 fflppoerene.

59 3522 92 3565 se
110 3499 209 3564 dedit.
252 3498 326 3564 inde
344 3521 422 3563 cava
440 3499 632 3564 circumdata
649 3500 734 3563 nube
753 3498 909 3585 Seriphon
1098 3525 1146 3573 251

60 3584 192 3661 deserit,
210 3606 229 3648 a
247 3584 357 3648 dextra
375 3581 503 3668 Cythno
522 3582 694 3668 Gyaroque
711 3585 837 3661 relictis,

59 3691 188 3754 quaque
205 3691 301 3754 super
340 3679 448 3733 ontum
466 3669 519 3733 via
536 3670 604 3734 visa
621 3669 819 3746 brevissima,
837 3669 965 3735 Thebas

59 3755 301 3842 virgineumque
316 3692 475 3819 helicona
492 3755 580 3841 petit.
624 3776 686 3838 quo
704 3766 810 3819 monte
828 3756 928 3840 potita

59 3839 200 3906 constitit
218 3851 250 3904 et
267 3839 375 3904 doctas
393 3840 438 3905 sio
455 3852 504 3905 est
520 3839 627 3903 adfata
644 3862 778 3904 sorores:
1100 3864 1149 3915 255

10 3980 15 4011 =.
59 3927 161 3991 ‘fama
178 3924 255 3989 novi
272 3925 368 3990 fontis
384 3937 508 3991 nostras
525 3926 668 4011 pervenit
686 3926 726 3990 ad
744 3947 846 4002 aures,

10 4012 19 4045 ·’
59 4012 139 4077 dura
155 4010 327 4076 Medusaei
343 4031 438 4095 quem
454 4009 611 4096 praepetis
628 4011 748 4096 ungula
765 4011 859 4096 rupit.

10 4114 18 4177 t
58 4096 181 4166 ismihi
199 4118 299 4163 causa
313 4095 398 4163 viae:
416 4096 502 4162 volui
520 4096 662 4162 mirabile
680 4096 801 4161 factum
