2574 4478
169 256 210 326 ’16
502 272 536 328 Ρ.
555 271 678 331 OVIDII
696 271 857 331 NASONIS

167 395 345 482 infligitque
363 394 440 461 viro.
484 398 613 462 rutilum
631 398 728 462 vomit
744 398 797 462 ille
816 419 958 462 cruorem

169 495 201 547 et
217 483 384 567 resupinus
401 482 534 546 humum
551 483 739 547 moribundo
757 483 873 547 vertice
891 483 1005 568 pulsat.

118 587 151 637 85
168 567 242 632 inde
261 566 446 633 Semiramio
464 567 702 652 Polydegmona
720 569 874 652 sanguine
892 579 1014 633 oretum

170 651 425 736 Caucasiumque
443 653 578 716 Abarim
597 652 908 738 Sperchionidenque
926 652 1088 736 Lycetum

168 739 391 821 intonsumque
410 760 515 802 comas
533 736 1133 824 HelicemPhlegyamqueClytumque

170 825 280 888 sternit
297 834 329 888 et
346 833 503 888 extructos
521 824 709 888 morientum
727 825 827 888 calcat
844 845 983 888 acervos.

169 932 228 974 nec
244 909 385 973 Phineus
404 931 498 973 ausus
516 931 701 974 concurrere
719 909 893 973 comminus
911 908 994 972 hosti

120 1013 154 1063 00
170 995 329 1078 intorquet
345 994 496 1058 iaculum:
515 995 601 1077 quod
619 994 730 1058 detulit
748 1016 833 1058 error
850 995 883 1057 in
901 993 992 1070 Idan,

122 1123 130 1155 ,
170 1090 330 1165 expertem
347 1080 464 1144 frustra
481 1080 556 1144 belli
573 1090 605 1144 et
621 1091 733 1143 neutra
750 1103 838 1142 arma
856 1090 1009 1144 secutum.

129 1166 132 1197 ²
170 1166 223 1229 ille
241 1176 332 1229 tuens
351 1165 448 1228 oculis
465 1165 617 1228 immitem
634 1163 759 1229 Phinea
776 1163 874 1228 torvis

171 1250 440 1334 ‘quandoquidem
457 1250 490 1312 in
507 1249 625 1334 partes'
643 1250 688 1313 ait
710 1249 898 1326 ‘abstrahor,
916 1250 1035 1337 accipe,
1053 1251 1186 1331 Phineu,

171 1356 265 1418 quem
282 1334 382 1399 fecisti
401 1335 537 1411 hostem,
555 1356 716 1418 pensaque
734 1335 796 1399 hoc
813 1335 942 1400 vulnere
960 1337 1092 1402 vulnus’
1109 1373 1153 1385 —

121 1439 153 1489 95
171 1421 297 1503 iamque
315 1420 501 1484 remissurus
518 1431 653 1484 tractum
671 1420 711 1484 de
731 1441 861 1504 corpore
877 1422 976 1485 telum

171 1506 324 1592 sanguine
342 1505 481 1569 defectos
500 1505 612 1569 cecidit
629 1505 785 1590 collapsus
803 1507 837 1569 in
855 1516 949 1570 artus.

172 1589 236 1653 dux
257 1611 383 1673 quoque
402 1587 589 1674 Cephenum
605 1601 678 1674 post
695 1614 802 1676 regem
820 1591 940 1676 primus
958 1593 1097 1658 Hodites

171 1697 246 1741 ense
262 1676 344 1739 iacet
361 1673 519 1758 Clymeni3
538 1674 754 1740 Prothoenora
771 1677 907 1761 percutit
923 1678 1088 1763 Hypseus,

171 1761 304 1845 Hypsea
320 1759 490 1844 Lyncides.
534 1760 595 1825 fuit
612 1771 643 1824 01
660 1761 859 1845 grandaevus
876 1762 988 1827 inillis

104 1865 154 1914 100
170 1844 353 1919 Emathion,
373 1846 465 1928 aequi
483 1846 583 1910 cultor
600 1845 791 1928 timidusque
808 1847 953 1925 deorum3

171 1931 239 2014 qui,
257 1930 406 2013 qnoniam
423 1930 589 2015 prohibent
607 1932 680 1995 anni
697 1932 829 2008 bellare,
846 1933 1006 2016 loquendo

171 2026 293 2115 pugnat
309 2029 341 2080 et
357 2016 483 2080 incessit
500 2016 712 2099 scelerataque
731 2017 866 2082 devovet
883 2041 980 2082 arma.

171 2100 246 2165 hurc
265 2097 411 2165 Chromis
429 2101 573 2187 amplexo
590 2103 731 2167 tremulis
750 2103 859 2167 altaria
876 2104 988 2188 palmis

172 2186 291 2251 decutit
307 2209 381 2250 ense
399 2199 508 2272 caput:
532 2188 617 2270 quod
634 2189 777 2272 protinus
795 2189 905 2253 incidit
921 2211 1006 2255 arae.

104 2283 265 2354 10501000
283 2270 328 2336 ibi
345 2273 518 2336 semianimi
536 2273 633 2337 verba
651 2273 829 2338 execrantia
845 2273 955 2359 lingua

172 2357 270 2422 edidit
287 2367 319 2422 01
334 2357 454 2422 medios
472 2358 609 2422 animam
627 2358 781 2443 expiravit
797 2359 831 2423 in
848 2360 949 2444 ignes.

171 2442 244 2508 hinc
261 2442 380 2529 gemini
396 2443 509 2508 fratres
526 2444 723 2527 Broteasque
741 2456 773 2509 01
790 2445 947 2510 caestibus
964 2445 1110 2516 Ammon

170 2528 320 2605 invictus,
339 2527 423 2592 vinci
440 2529 467 2593 si
483 2539 611 2614 possent
628 2530 784 2595 caestibus
802 2552 903 2606 enses,

170 2613 294 2678 Phinea
311 2614 452 2678 cecidere
468 2637 579 2691 manu,
599 2611 787 2699 Cererisque
805 2615 950 2681 sacerdos

104 2716 154 2767 110
171 2700 352 2783 Ampycus,
371 2699 487 2764 albenti
504 2700 624 2764 velatus
642 2710 784 2784 tempora
801 2701 888 2766 vitta.

171 2795 207 2848 tu
223 2805 362 2866 quoque,
380 2783 587 2870 Lampetide‚
605 2807 668 2848 non
685 2786 742 2850 hos
760 2786 957 2852 adhibendus
975 2789 1016 2853 ad
1033 2813 1123 2872 usus,

172 2869 227 2933 sed
245 2869 313 2952 qui,
331 2868 417 2954 pacis
435 2891 516 2954 opus
522 2916 532 2946 ,
550 2870 702 2934 citharam
719 2893 792 2936 cum
810 2894 888 2939 voce
904 2894 1061 2956 moveres,

170 2953 275 3019 iussus
293 2977 362 3020 eras
380 2954 538 3020 celebrare
555 2956 652 3041 dapes
670 2957 848 3041 festumque
865 2959 1018 3029 canendo.

172 3066 266 3127 quern
283 3045 393 3131 procul
410 3056 563 3110 astantem
581 3047 798 3131 plectrumque
815 3045 942 3110 imbelle
959 3054 1121 3110 tenentem

104 3151 153 3201 115
169 3131 313 3197 Pettalus
329 3130 468 3196 inridens
486 3131 622 3216 ‘Stygiis
640 3153 717 3197 cane
735 3132 850 3196 cetera'
870 3133 949 3197 dixit

171 3216 356 3292 ‘Manibus,'
374 3228 405 3281 ct
422 3217 511 3282 laevo
528 3238 710 3282 mucronem
727 3227 867 3302 tempore
884 3218 962 3282 fixit

171 3303 306 3368 concidit
323 3313 355 3367 01
371 3302 477 3387 digitis
494 3304 698 3368 morientibus
715 3303 768 3366 ille
785 3314 952 3388 retemptat

169 3389 223 3452 ffla
239 3389 340 3472 lyrae:
359 3409 497 3470 casuque
514 3388 575 3452 fuit
592 3388 768 3452 miserabile
787 3410 923 3454 carmen.

169 3495 229 3538 1100
247 3473 319 3538 sinit
336 3473 420 3538 hunc
437 3474 564 3558 impune
582 3473 672 3537 ferox
689 3474 838 3538 cecidisse
855 3473 1044 3559 Lycormas,

105 3578 154 3628 110
169 3573 323 3644 raptaque
342 3559 381 3624 de
400 3559 508 3623 dextro
526 3558 655 3622 robusta
672 3560 824 3644 repagula
840 3559 924 3646 posti

171 3645 293 3710 ossibus
309 3644 406 3708 inlisit
427 3644 548 3709 mediae
566 3643 711 3709 cervicis:
729 3655 762 3708 at
778 3644 831 3710 ille

170 3729 336 3816 procubuit
355 3741 455 3794 101100
473 3729 600 3793 mactati
615 3750 702 3794 more
719 3729 855 3795 iuvenci.

172 3816 297 3881 demere
314 3826 377 3880 tem
401 3814 488 3878 tabat
503 3815 586 3879 laevi
603 3836 732 3898 quoque
747 3816 861 3881 robora
878 3816 976 3902 postis

173 3899 349 3985 Cinyphius
366 3838 507 3965 Pelates:
525 3901 689 3985 temptanti
707 3901 836 3966 dextera
853 3902 918 3966 fixa
935 3915 984 3969 est

104 4005 154 4059 110
171 3986 302 4072 cuspide
319 3986 532 4051 Marmaridae
551 3982 697 4070 Corythi,
715 3987 866 4072 lignoque
884 3990 1040 4058 cohaesit:

170 4070 312 4147 haerenti
327 4071 411 4143 laus
428 4071 533 4143 hausit
549 4070 646 4140 Abas.
690 4094 749 4139 nec
767 4074 883 4144 corruit
900 4074 964 4157 ille,
