2574 4478
168 285 211 351 42
497 301 531 354 Ρ.
551 301 674 358 OVIDII
690 299 852 358 NASONIS

103 442 153 494 130
170 445 243 489 cum
260 424 366 509 posuit
382 424 501 489 iussam
518 423 676 489 Phoebeis
694 425 830 489 sortibus
849 425 969 488 urbem.
1050 444 1053 451 ·

212 509 283 574 Iam
300 510 428 575 stabant
444 509 586 576 Thebae.
629 521 755 595 poteras
771 511 849 585 iam,
868 508 1000 585 Cadme,
1018 506 1120 576 videri

170 595 264 661 exilio
281 594 367 659 felix.
411 595 512 661 soceri
528 595 587 660 tibi
603 595 757 679 Marsque
774 597 948 679 Venusque

170 681 381 766 contigerant:
398 681 462 746 huc
480 680 561 746 adde
578 704 679 767 genus
697 682 737 746 de
754 682 889 766 coniuge
907 692 1006 759 tanta,

169 778 217 831 tot
231 778 323 831 natos
340 778 494 851 natasque
511 778 557 844 et,
574 767 707 852 pignora
724 789 811 844 cara,
829 779 969 852 nepotes,

105 872 153 922 185
170 852 228 917 hos
246 874 372 937 quoque
390 854 453 917 iarn
470 853 610 918 iuvenes.
654 852 710 918 sed
728 853 847 917 scilicet
863 853 974 916 ultima
992 876 1117 940 semper

171 938 367 1023 expectanda
384 938 451 1003 dies
468 938 587 1002 homini
609 949 666 1014 est,
685 937 809 1019 dicique
827 936 939 999 beatus

171 1037 244 1089 ante
261 1024 382 1088 obitum
399 1045 492 1089 nemo
510 1044 721 1108 supremaque
738 1023 850 1087 funera
868 1024 970 1089 debet.

214 1109 324 1174 Prima
332 1131 432 1194 nepos
440 1111 522 1174 inter
534 1119 582 1174 tot
594 1131 644 1173 res
659 1109 726 1183 tibi,
741 1106 873 1185 Cadme,
887 1110 1043 1174 secundas
1071 1127 1186 1179 Actaeon

172 1218 268 1262 causa
285 1195 346 1260 fuit
363 1196 481 1273 luctus,
499 1194 664 1279 alienaque
682 1216 800 1258 cornua
816 1195 913 1258 fronti

105 1301 155 1353 140
171 1281 293 1359 addita,
311 1302 431 1364 vosque
450 1303 543 1346 canes
561 1279 692 1345 satiatae
710 1281 863 1364 sanguine
881 1281 958 1345 erili.

172 1379 205 1433 at
221 1367 303 1434 bene
320 1367 347 1431 si
364 1387 513 1449 quaeras,
531 1365 677 1431 fortunae
695 1366 812 1431 crimen
830 1367 862 1429 in
879 1366 943 1441 illo,

172 1475 236 1519 non
253 1453 356 1518 scelus
373 1451 528 1517 invenies:
546 1453 633 1535 quod
649 1452 734 1516 enim
751 1451 853 1516 scelus
871 1473 957 1516 error
974 1451 1130 1517 habebat?

172 1561 264 1604 mons
281 1547 349 1603 erat
364 1537 499 1602 infectus
518 1538 675 1601 variarum
693 1536 789 1602 caede
805 1537 954 1612 ferarum,

171 1625 298 1707 iamque
316 1623 382 1688 dies
399 1623 522 1688 medius
539 1645 645 1687 rerum
661 1633 858 1688 contraxerat
874 1623 1013 1700 umbras,

107 1729 154 1778 145
173 1722 205 1775 et
222 1709 269 1775 sol
286 1733 326 1774 ex
344 1730 445 1793 aequo
463 1721 547 1773 meta
564 1708 701 1772 distabat
717 1720 865 1791 utraque:

173 1819 246 1863 cum
263 1795 385 1861 iuvenis
402 1795 526 1879 placido
543 1817 600 1879 per
617 1794 709 1942 plevia
725 1795 824 1858 lustra
841 1804 993 1880 vagantes

126 2041 129 2049 ,
173 1880 1066 2050 tlltlttltffftllttltltmlltlhltnnm,

173 2052 381 2136 fortunaeque
408 2051 475 2115 dies
497 2050 609 2115 habuit
626 2050 711 2115 satis.
755 2052 853 2116 altera
869 2052 973 2116 lucem

108 2158 157 2209 150
175 2160 248 2203 cum
266 2137 382 2203 croceis
400 2137 524 2202 invecta
541 2136 618 2200 rotis
634 2137 762 2201 Aurora
778 2137 917 2212 reducet,

172 2224 369 2309 propositum
386 2233 564 2306 repetemus
582 2243 671 2307 opus.
714 2245 798 2287 nunc
815 2221 966 2287 Phoebus
984 2233 1118 2306 utraque

174 2310 270 2374 distat
285 2308 370 2374 idem
386 2319 470 2373 terra
486 2307 639 2390 finditque
656 2308 825 2393 vaporibus
844 2331 929 2372 arva.

174 2396 272 2461 sistite
291 2416 370 2479 opus
387 2416 535 2479 praesens
552 2394 735 2476 nodosaque
751 2394 849 2457 tollite
866 2392 951 2457 lina?

173 2482 260 2544 iussa
276 2481 335 2544 viri
352 2480 472 2544 faciunt
489 2479 758 2563 intermittuntque
776 2479 925 2543 laborem.

108 2586 155 2635 155
174 2566 264 2631 vallis
283 2565 463 2650 eratpiceis
480 2575 512 2630 et
529 2576 622 2628 acuta
640 2565 738 2629 densa
756 2587 916 2649 cupressu,

174 2651 301 2716 nomine
319 2648 517 2736 Gargaphie,
536 2650 712 2714 succinctae
730 2672 819 2714 sacra
835 2649 970 2728 Dianae,

174 2737 264 2801 cuius
281 2737 314 2800 in
332 2747 472 2801 extremo
490 2747 537 2799 est
553 2746 677 2799 antrum
694 2736 853 2799 nemorale
870 2758 1007 2812 recessu,

174 2834 240 2886 arte
257 2822 434 2886 laboratum
451 2821 551 2885 nulla:
570 2822 772 2885 simulaverat
789 2832 889 2885 artem

173 2907 300 2993 ingenio
318 2919 431 2971 natura
448 2928 520 2982 su03
538 2906 754 2990 nam.pumice
772 2906 845 2970 vivo
941 2904 944 2911 ’

108 3014 156 3063 160
174 3005 205 3058 et
222 2993 344 3057 levibus
363 2992 433 3056 tofis
451 2992 594 3056 nativum
612 2992 744 3056 duxerat
761 3014 879 3056 arcum.

173 3080 245 3143 fons
264 3089 354 3143 sonat
372 3100 391 3142 a
408 3078 533 3153 dextra,
551 3079 639 3142 tenui
656 3077 834 3162 perlucidus
853 3078 948 3155 unda,

173 3165 315 3249 margine
333 3164 495 3248 gramineo
511 3164 635 3248 patulos
654 3163 807 3227 incinctus
824 3163 937 3228 hiatus.

174 3251 225 3315 hic
243 3250 303 3315 dea
320 3250 469 3313 silvarum
486 3260 604 3313 venatu
621 3249 705 3313 fessa
723 3249 842 3313 solebat

173 3335 332 3420 virgineos
350 3346 435 3398 artus
453 3335 572 3417 liquido
589 3334 778 3419 perfundere
796 3357 875 3399 rore.

108 3443 156 3491 165
174 3444 237 3505 quo
254 3433 422 3506 postquam
441 3421 550 3496 subiit,
567 3420 778 3505 nympharum
796 3420 922 3484 tradidit
940 3417 994 3482 uni

174 3508 347 3591 armigerae
366 3506 503 3569 iaculum
521 3505 762 3589 pharetramque
781 3527 934 3588 arcusque
951 3515 1088 3569 retentos
1094 3529 1103 3583 ;

173 3593 272 3656 altera
290 3591 449 3676 depositae
468 3590 599 3654 subiecit
616 3591 762 3655 bracchia
778 3592 896 3676 pallae3

173 3678 277 3741 vincla
294 3677 375 3741 duae
393 3675 525 3760 pedihus
544 3676 683 3740 demunt.
726 3699 800 3739 narn
818 3676 938 3740 doctior
954 3675 1015 3740 illis

173 3763 307 3827 Ismenis
326 3760 459 3826 Crocale
476 3783 600 3846 sparsos
618 3785 674 3846 per
691 3763 771 3826 colla
789 3762 917 3846 capillos

107 3869 155 3917 170
174 3848 292 3932 colligit
309 3847 341 3911 in
359 3848 492 3922 nodum,
511 3847 655 3928 quamvis
673 3858 739 3911 erat
756 3848 826 3932 ipsa
844 3847 962 3911 solutis.

173 3933 332 4017 excipiunt
350 3935 473 3997 laticem
491 3931 696 4016 Nepheleque
714 3933 881 4017 Hyaleque
899 3931 1083 4015 Rhanisque

173 4030 205 4082 et
221 4018 340 4083 Psecas
358 4030 390 4082 et
406 4018 533 4093 Phiale,
551 4017 751 4101 funduntque
769 4018 937 4102 capacibus
956 4019 1052 4082 urnis.

173 4104 311 4191 dumque
328 4103 373 4170 ibi
389 4104 542 4190 perluitur
559 4103 651 4169 solita
666 4102 794 4170 Titania
809 4103 950 4190 lympha,
