2574 4478
257 279 300 345 32
586 299 620 351 Ρ.
640 297 763 355 ovrnu
780 294 942 352 unsours

190 434 240 485 575
257 416 347 499 (5555
363 418 490 504 loquor)
506 421 631 505 genuit,
648 421 834 504 fueramque
852 443 912 504 ego
929 418 1018 504 regia
1035 419 1135 504 virgo,

258 502 470 588 divitibusque
487 505 591 591 procis
607 541 651 553 —
666 529 707 571 ne
725 529 776 571 me
793 517 958 572 contemne
975 541 1018 551 —
1034 504 1175 590 petebar.

257 587 360 653 forma
376 590 454 654 mihi
470 591 588 656 nocuit.
630 615 705 657 nam
723 614 796 657 cum
812 615 870 677 per
885 591 977 656 litora
994 590 1087 655 lentis

257 675 417 759 passibus,
435 686 471 740 ut
488 677 588 753 soleo,
606 700 730 742 summa
747 678 899 763 spatiarer
916 677 1043 752 harena,

257 760 337 825 vidit
354 773 386 826 et
402 761 531 827 incaluit
547 763 653 848 pelagi
672 763 759 828 deus.
803 774 902 846 utque
919 762 1078 847 precando

190 865 240 915 575
258 856 401 932 tempora
417 869 491 912 cum
509 847 632 912 blandis
650 848 826 934 absumpsit
841 849 948 913 inania
965 848 1080 922 verbis,

258 933 323 996 vim
340 944 432 1019 parat
448 944 481 999 et
497 934 648 1016 sequitur.
692 934 781 1018 fugio
799 934 996 1018 densumque
1013 932 1158 1016 relinquo

257 1017 332 1082 litus
350 1029 382 1083 et
399 1018 432 1083 in
448 1019 536 1083 molli
552 1019 745 1103 nequiquam
763 1021 863 1084 lassor
880 1020 1008 1084 harena.

257 1103 331 1169 inde
349 1104 425 1170 deos
442 1105 648 1188 hominesque
666 1126 759 1169 voco:
777 1127 836 1169 nec
853 1105 986 1190 contigit
1002 1104 1102 1168 ullum

257 1212 320 1254 vox
337 1213 410 1256 mea
425 1191 599 1255 mortalem.
644 1202 729 1254 mota
747 1201 796 1255 est
812 1211 869 1276 pro
888 1190 1010 1276 virgine
1027 1188 1118 1275 virgo

190 1292 240 1345 585
258 1275 472 1360 auxiliumque
489 1276 569 1340 tulit
613 1276 782 1342 tendebam
799 1275 947 1340 bracchia
965 1275 1068 1341 caelo:

257 1360 406 1426 bracchia
422 1371 593 1447 coeperunt
609 1361 733 1426 levibus
750 1362 928 1446 nigrescere
944 1361 1067 1446 pennis.

257 1446 375 1513 reicere
393 1471 434 1513 ex
450 1447 567 1513 umeris
585 1459 704 1512 vestem
722 1447 870 1512 molibar:
889 1458 921 1511 55
938 1447 992 1511 illa

149 1579 150 1582 κ
256 1533 366 1618 pluma
382 1544 449 1598 erat
466 1533 563 1616 inque
580 1545 685 1599 cutem
701 1533 823 1598 radices
841 1544 949 1618 egerat
965 1532 1055 1597 imas.

256 1619 408 1705 plangere
425 1618 512 1683 nuda
528 1618 607 1684 meis
625 1619 762 1683 conabar
778 1629 906 1704 pectora
922 1618 1050 1703 palmis:

189 1722 239 1773 555
257 1706 314 1770 sed
331 1726 434 1788 neque
451 1705 514 1769 iam
531 1705 654 1790 palmas
671 1726 730 1770 555
770 1717 876 1770 ectora
892 1704 978 1768 nuda
995 1703 1157 1789 gerebam.

258 1791 438 1856 currebamz
455 1812 529 1867 nec,
547 1801 687 1866 utente,
704 1727 801 1876 pedes
819 1789 975 1855 retinebat
991 1789 1118 1866 harena,

257 1876 314 1942 sed
332 1899 456 1941 summa
472 1876 604 1941 tollebar
620 1875 728 1940 humo.
772 1896 847 1940 mox
864 1886 935 1940 5555
950 1897 1008 1960 per
1026 1897 1119 1939 auras

257 1961 375 2028 evehor
391 1973 424 2027 et
440 1962 515 2026 data
531 1984 603 2027 sum
620 1983 725 2027 comes
742 1961 904 2047 inculpata
920 1961 1097 2025 Minervae.

258 2048 334 2132 quid
351 2059 458 2113 tamen
475 2047 536 2112 hoc
551 2047 696 2133 prodest,
714 2047 741 2112 si
758 2047 826 2112 diro
844 2046 930 2112 facta
946 2047 1084 2111 volucris

190 2151 240 2201 595
258 2132 387 2199 crimine
403 2133 593 2218 Nyctimene
610 2144 718 2198 nostro
736 2133 887 2199 successit
904 2131 1034 2197 honori?

258 2243 299 2284 an
315 2241 398 2304 quae
415 2241 472 2304 per
489 2229 588 2284 totam
605 2241 655 2284 res
673 2230 720 2285 est
737 2218 901 2284 notissima
918 2217 1060 2292 Lesbon,
1096 2227 1280 2310 (Nyctimene)

256 2327 321 2370 non
339 2304 447 2369 audita
464 2305 522 2369 tibi
539 2316 600 2406 est,
618 2305 757 2391 patrium
773 2316 943 2371 temerasse
960 2304 1064 2369 cubile
1106 2368 1109 2375 ,

256 2391 486 2476 Nyctimenen?
503 2391 571 2456 avis
587 2391 642 2456 rlla
659 2391 801 2542 qprdem
819 2391 876 2456 sed
893 2389 1019 2456 conscia
1036 2389 1149 2474 culpae

257 2488 462 2562 conspectum
478 2477 645 2560 lucemque
698 2477 746 2563 git
763 2476 964 2561 tenebrisque
980 2476 1136 2562 pudorem

189 2581 239 2631 555
257 2563 352 2640 55155,
370 2573 403 2626 55
419 2586 439 2627 5
456 2563 576 2627 cunctis
595 2563 762 2648 expellitur
779 2563 904 2628 aethere
921 2562 1007 2627 toto.'

256 2648 332 2712 talia
349 2647 465 2713 dicenti
483 2648 568 2712 ‘tibi’
587 2648 631 2713 515
648 2648 876 2714 ‘revocamina’
895 2669 1008 2716 corvus

257 2734 334 2798 ‘sint
350 2755 463 2818 precor
478 2733 539 2799 ista
555 2734 653 2798 malo:
670 2755 729 2799 nos
746 2756 865 2798 vanum
883 2735 1058 2820 spernimus
1076 2730 1189 2809 omen,’

256 2842 316 2885 555
333 2830 479 2904 coeptum
498 2819 626 2884 dimittit
641 2819 711 2896 iter,
730 2819 921 2903 dominoque
937 2819 1092 2884 iacentem

257 2927 330 2969 cum
346 2904 460 2970 iuvene
477 2905 657 2970 Haemonio
674 2905 790 2971 vidisse
808 2903 969 2970 Coronida
985 2912 1101 2968 narrat.

189 3012 239 3063 555
255 2991 364 3056 laurea
380 2991 511 3076 delapsa
528 3001 576 3055 est
593 2991 701 3056 audito
719 2991 849 3057 crimine
866 2989 994 3066 amanti,

256 3087 288 3143 et
304 3075 422 3160 pariter
439 3077 609 3160 vultusque
627 3076 688 3142 deo
705 3077 921 3163 plectrumque
940 3076 1088 3159 colorque

256 3162 381 3229 excidit.
426 3172 522 3245 utque
539 3161 663 3227 animus
680 3162 802 3227 tumida
818 3161 961 3228 fervebat
979 3161 1020 3226 ab
1037 3162 1095 3238 ira,

256 3271 344 3313 arma
361 3258 488 3314 assueta
501 3248 586 3333 capit
601 3248 783 3331 flexumque
801 3271 821 3312 5
838 3247 985 3313 cornibus
1003 3269 1112 3311 arcum

255 3334 356 3399 tendit
374 3345 405 3399 et
421 3333 476 3397 illa
492 3355 550 3399 suo
568 3333 682 3399 totiens
700 3355 773 3399 cum
790 3344 916 3419 pectore
933 3333 1040 3399 iuncta

189 3441 237 3491 tot
254 3418 427 3485 indevitato
444 3418 567 3484 traiecit
583 3430 713 3505 pectora
729 3419 803 3485 telo.

255 3505 319 3570 1555
336 3504 423 3570 dedit
440 3505 593 3592 gemitum
610 3515 773 3589 tractoque
790 3529 810 3569 5
827 3527 956 3592 corpore
974 3505 1058 3570 ferro

256 3591 390 3656 candida
407 3590 541 3677 puniceo
559 3589 699 3676 perfudit
715 3591 857 3656 membra
874 3612 984 3656 cruore

255 3687 288 3742 et
304 3676 383 3741 dixit
400 3676 503 3762 ‘potui
520 3699 638 3762 poenas
656 3676 727 3754 tibi,
745 3675 891 3751 Phoebe,
910 3675 1045 3753 dedisse,

254 3762 311 3828 sed
327 3763 486 3848 peperisse
503 3763 605 3848 prius:
623 3761 687 3826 duo
704 3784 789 3826 nunc
806 3761 977 3829 moriemur
992 3761 1026 3825 in
1043 3757 1128 3826 una’

188 3868 238 3920 515
255 3848 423 3926 hactenus,
440 3859 472 3914 et
488 3847 606 3933 pariter
622 3847 721 3912 vitam
738 3870 810 3913 cum
829 3846 983 3932 sanguine
999 3846 1094 3911 fudit

255 3955 293 4000 co
332 3955 370 3999 us
386 3933 480 4000 inane
497 3934 620 3999 animae
637 3933 739 4020 frigus
755 3933 848 3999 letale
866 3942 1010 3998 secutum
1027 3943 1085 3998 est

60 4046 80 4093 5,
328 4018 445 4085 5551555
460 4054 504 4067 -
520 4019 583 4085 heu
600 4039 670 4086 sero
686 4054 731 4066 -
746 4040 868 4106 poenae
886 4017 1021 4084 crudelis
1039 4027 1210 4096 amantem,

51 4052 120 4207 ι
254 4126 366 4195 seque,
383 4104 469 4191 quod
485 4104 634 4186 audierit,
652 4105 737 4191 quod
754 4104 800 4172 sic
817 4103 1080 4183 exarserit‚.oditr
