2574 4478
75 4136 90 4171 b·

75 4166 110 4199 'm

225 246 288 315 148
555 261 589 318 Ρ.
609 261 733 318 OVIDII
750 260 916 319 NASONIS

156 406 206 457 loo
224 400 279 450 aut
297 409 392 472 super
408 385 557 472 imposita
575 386 695 451 celatur
712 386 887 450 harundine
906 385 1069 451 damnum·

224 486 257 537 at
274 484 319 548 te,
338 472 438 536 Nesse
456 473 561 549 ferox,
579 471 722 536 eiusdem
739 472 870 556 virginis
888 472 983 535 ardor

223 557 403 643 perdiderat
420 557 540 621 volucri
557 557 723 622 traiectum
741 569 832 642 terga
849 557 974 641 sagitta.

223 665 361 725 namque
378 664 462 707 nova
479 654 625 727 repetens
665 642 760 706 atrios
778 664 852 706 cum
870 642 1004 727 coniuge
1022 665 1132 708 muros

223 739 354 792 venerat
370 727 475 791 Eueni
492 728 619 813 rapidas
636 665 714 791 lbve
731 739 824 791 natus
842 728 884 792 ad
901 728 1013 792 undas.

157 834 206 883 105
225 813 352 878 uberior
368 813 471 890 solito,
489 814 604 877 nimbis
622 812 811 877 hiemalibus
829 824 941 877 auctus

224 898 458 982 verticibusque
476 898 625 982 frequens
643 908 711 962 erat
728 910 824 982 atque
840 899 1012 983 impervius
1030 899 1142 965 amnis.

223 983 416 1069 intrepidum
433 1006 491 1069 pro
510 1008 558 1060 se,
577 1007 687 1048 curam
704 983 744 1049 de
762 984 896 1068 coniuge
915 995 1065 1068 agentem

223 1069 345 1134 Nessus
363 1069 443 1146 adit,
460 1070 674 1152 membrisque
691 1069 800 1133 valens
818 1070 979 1151 scitusque
996 1071 1163 1149 vadorum,

224 1155 422 1237 ‘officio'que
441 1162 527 1219 ‘meo
545 1155 615 1240 ripa
632 1154 761 1218 sistetur
776 1155 809 1217 in
827 1154 881 1217 illa

157 1261 207 1311 110
224 1241 328 1317 haec',
346 1241 390 1303 ait
407 1240 546 1305 ‘Alcidez
564 1254 600 1304 tu
617 1240 737 1304 viribus
754 1251 843 1304 utere
860 1239 995 1317 nand03’

223 1327 456 1411 pallentemque
474 1338 560 1390 metu
577 1325 773 1408 fluviumque
790 1326 959 1409 ipsumque
976 1325 1141 1393 timentem

224 1412 353 1475 tradidit
370 1410 495 1474 Aonius
513 1411 663 1496 pavidam
681 1408 881 1494 Calydonida
898 1410 1012 1475 Nesso.

223 1519 314 1572 mox,
332 1507 367 1561 ut
385 1507 465 1573 erat,
483 1497 694 1581 pharetraque
711 1497 818 1580 gravis
837 1496 1000 1581 spolioque
1018 1497 1119 1562 leonis

224 1580 312 1664 (nam
331 1583 452 1646 clavam
471 1593 502 1645 et
519 1604 633 1646 curvos
651 1593 738 1645 trans
755 1581 856 1666 ripam
874 1581 1002 1647 miserat
1020 1584 1129 1667 arcus)

158 1687 206 1735 115
225 1667 496 1751 ‘quandoquidem
513 1667 617 1753 coepi,
636 1679 823 1752 superentur
839 1667 984 1731 flumina'
1003 1667 1094 1745 dixit,

224 1775 284 1817 nec
302 1752 425 1816 dubitat
442 1775 515 1830 nec,
533 1752 656 1837 quasit
673 1751 935 1817 clementissimus
953 1754 1068 1831 amnis,

225 1839 361 1922 quaerit,
380 1850 412 1902 et
428 1838 581 1921 obsequio
600 1837 716 1902 deferri
733 1839 852 1922 spernit
869 1859 1033 1921 aquarum.

224 1924 351 2006 iamque
368 1934 478 1988 tenens
496 1924 610 2009 ripam,
628 1924 741 1987 missos
759 1945 832 1987 cum
850 1923 972 1988 tolleret
990 1946 1093 2000 arcus,

226 2008 369 2095 coniugis
387 2009 517 2095 agnovit
533 2031 655 2086 vocem,
672 2008 838 2093 Nessoque
856 2009 980 2095 paranti

159 2116 208 2166 120
226 2094 335 2159 fallere
353 2094 544 2179 depositum=
567 2101 647 2179 ‘quo
664 2105 696 2160 te
713 2094 844 2159 fiducia'
863 2096 978 2159 clamat

226 2187 325 2244 ‘vana
341 2180 473 2265 pedum,
491 2181 642 2256 violente,
659 2181 761 2265 rapit?
778 2180 849 2255 tibi,
866 2180 968 2245 Nesse
985 2180 1142 2259 biformis,

226 2266 374 2331 dicimus:
393 2267 525 2344 exaudi,
542 2288 602 2331 nec
619 2288 669 2330 res
687 2266 837 2351 intercipe
855 2265 994 2330 nostras!

226 2351 253 2416 si
271 2363 301 2416 te
318 2352 407 2417 nulla
422 2352 485 2417 mei
502 2351 678 2418 reverentia
696 2352 810 2427 movit,
828 2362 861 2416 at
878 2352 971 2416 orbes

226 2438 411 2502 concubitus
428 2438 541 2502 vetitos
558 2448 704 2523 poterant
720 2437 862 2502 inhibere
880 2437 1013 2522 paterni.

159 2543 207 2594 125
226 2523 311 2588 haud
329 2534 434 2588 tamen
452 2523 600 2608 effugies,
617 2523 762 2605 quamvis
780 2545 840 2607 ope
856 2523 928 2586 fidis
946 2523 1072 2605 equina.

226 2609 369 2685 vulnere,
386 2631 450 2674 non
467 2609 601 2695 pedibus
619 2620 650 2672 te
668 2608 863 2690 consequar!
906 2607 1017 2673 ultima
1035 2609 1121 2673 dicta

224 2716 259 2758 re
276 2694 390 2778 probat
407 2705 439 2759 et
455 2695 551 2758 missa
567 2694 722 2779 fugientia
738 2705 829 2778 terga
846 2693 962 2778 sagitta

226 2779 338 2843 traicit.
381 2780 509 2844 extabat
526 2779 645 2844 ferrum
663 2780 702 2844 de
719 2792 846 2864 pectore
864 2779 1033 2844 aduncum.

225 2864 311 2948 quod
329 2865 422 2929 simul
440 2866 583 2930 evulsum
601 2875 663 2942 est,
686 2864 815 2950 sanguis
836 2887 894 2949 per
910 2875 1082 2948 utrumque
1103 2863 1242 2932 foramen

160 2969 209 3018 130
226 2950 367 3026 emicuit,
385 2950 502 3014 mixtus
520 2950 658 3015 Lernaei
675 2951 748 3015 tabe
766 2950 889 3014 veneni.

226 3035 343 3120 excipit
359 3036 444 3100 bunc
461 3035 591 3100 Nessus.
636 3042 752 3119 ‘neque
771 3036 854 3100 enim
871 3035 1042 3100 moriemur
1058 3035 1165 3101 inulti’

227 3144 335 3185 secum
353 3121 408 3198 ait,
427 3132 459 3186 et
476 3122 577 3186 calido
595 3123 752 3187 velamina
770 3121 867 3185 tincta
885 3142 995 3186 cruore

226 3205 278 3270 dat
296 3230 410 3271 munus
428 3218 536 3292 raptae
554 3208 641 3271 velut
658 3207 818 3271 irritamen
836 3207 961 3271 amoris.

267 3292 383 3377 Longa
396 3292 457 3356 fuit
465 3292 560 3357 medii
574 3315 663 3356 mora
676 3292 837 3377 temporis,
850 3304 983 3375 actaque
996 3291 1106 3378 magni
1124 3290 1242 3345 Hem&

160 3396 207 3445 135
225 3379 373 3442 Herculis
391 3378 557 3462 implerant
575 3390 687 3454 terras,
705 3378 876 3461 odiumque
893 3399 1057 3442 novercae.
1141 3375 1218 3413 ''W'‘

226 3465 325 3527 victor
342 3463 382 3527 ab
401 3461 555 3528 Oechalia
575 3460 702 3528 Cenaeo
720 3486 809 3528 sacra
827 3463 958 3547 parabat

226 3560 300 3613 vota
316 3548 400 3624 Iovi,
418 3570 491 3612 oum
509 3549 595 3612 fama
611 3550 729 3632 loquax
745 3548 916 3634 praecessit
933 3548 975 3612 ad
992 3566 1096 3627 aures,

226 3632 392 3709 Deianira,
410 3645 495 3710 tuas,
514 3655 595 3717 quae
613 3634 695 3700 veris
713 3634 828 3699 addere
846 3633 927 3698 salsa

225 3720 345 3804 gaudet
362 3730 393 3784 et
410 3742 427 3784 e
445 3719 574 3784 minimo
593 3742 650 3784 sua
667 3743 724 3804 per
741 3719 906 3785 mendacia
923 3719 1045 3798 crescit,

160 3824 210 3874 140
226 3804 533 3890 Amphitryoniaden
551 3805 635 3870 Ioles
654 3805 764 3870 ardore
782 3805 891 3870 teneri.

226 3889 325 3954 credit
343 3913 451 3955 amans
468 3891 666 3973 Venerisque
683 3912 784 3955 novae
801 3890 967 3976 perterrita
983 3889 1071 3957 fama

225 3974 356 4039 indulsit
373 3975 473 4060 primo
490 3975 627 4040 lacrimis
645 3975 812 4060 flendoque
830 3977 971 4041 dolorem

227 4058 355 4131 diffudit
369 4058 548 4131 miseranda
565 4083 667 4131 suum·
711 4083 784 4133 mox
803 4060 916 4134 deinde
933 4061 1026 4154 ‘quid
1044 4072 1151 4135 autern
