2574 4478
251 241 639 305 ‚METAMORPHOSEON
655 243 727 301 LIB.
747 244 810 303 XV.
829 244 956 302 53-140.
1064 227 1124 296 257

103 373 222 439 fetibus
241 373 379 438 arboreis
398 383 442 448 et,
460 394 539 456 quas
556 370 672 435 humus
689 371 817 448 educat,
835 368 940 434 herbis

102 460 267 524 fortunata
283 459 357 534 fuit,
375 478 435 522 nec
452 457 564 542 polluit
581 479 637 522 ora
654 477 774 522 cruore.

104 557 182 608 tunc
200 554 231 609 et
248 566 324 609 aves
342 555 429 608 tutae
446 564 573 608 movere
590 564 647 629 per
664 546 737 605 adra
754 564 885 628 pennas,

104 640 137 694 et
153 630 245 714 lepus
261 628 441 713 impavidus
458 628 571 694 mediis
588 628 704 692 erravit
720 626 754 691 in
771 627 865 703 arvis,

103 736 164 779 nec
181 737 241 779 sua
258 714 426 779 credulitas
443 713 563 800 piscem
581 713 787 797 suspenderat
804 711 912 776 hamo:

105 811 220 864 cuncta
236 800 304 865 sine
321 799 442 864 insidiis
458 799 641 882 nullamque
659 797 801 863 timentia
817 797 963 862 fraudem

104 886 263 970 plenaque
279 885 368 970 pacis
385 895 485 949 erant
529 896 697 969 postquam
715 904 779 947 non
795 882 881 947 utilis
899 893 1009 946 auctor

104 970 242 1035 victibus
259 970 386 1046 invidit,
404 970 547 1053 quisquis
565 969 626 1034 fuit
643 967 709 1044 ille,
730 968 849 1045 ferinis,
907 1010 910 1016 ,

105 1076 336 1141 corporeasque
354 1055 451 1141 dapes
469 1054 596 1119 avidam
614 1054 762 1118 demersit
779 1055 813 1117 in
831 1057 949 1130 alvum,

104 1140 179 1206 fecit
197 1141 257 1205 iter
274 1140 394 1205 sceleri.
438 1139 603 1224 primoque
621 1162 639 1204 e
657 1139 754 1215 caede
771 1139 911 1203 ferarum

104 1225 273 1291 incaluisse
291 1237 384 1311 putes
400 1225 595 1289 maculatum
613 1224 767 1308 sanguine
784 1223 918 1288 ferrum:

93 1310 202 1395 adque
219 1311 294 1375 satis
312 1310 430 1385 fuerat,
447 1321 652 1392 nostrumque
669 1309 808 1393 petentia
824 1309 924 1373 letum

105 1417 237 1482 corpora
255 1396 351 1459 missa
367 1395 437 1460 neci
455 1395 543 1458 salva
560 1393 676 1479 pietate
694 1395 840 1458 fatemur.

105 1481 161 1546 sed
179 1502 277 1565 quam
293 1481 398 1544 danda
415 1480 500 1554 neci,
519 1491 584 1543 tam
601 1500 666 1542 non
683 1479 841 1563 epulanda
858 1479 995 1545 fuerunt.

103 1566 230 1652 longius
246 1566 321 1630 inde
338 1565 428 1630 nefas
447 1565 537 1641 abiit,
556 1576 587 1629 et
604 1564 706 1649 prima
723 1575 852 1650 putatur

104 1650 208 1716 hostia
225 1673 279 1715 sus
296 1650 448 1715 meruisse
467 1650 562 1726 mori,
579 1649 656 1733 quia
673 1650 794 1715 semina
810 1651 917 1736 pando

105 1747 231 1802 eruerat
246 1749 348 1800 rostro
366 1756 519 1821 spemque
536 1735 746 1820 interceperat
763 1737 851 1813 anni;

103 1821 168 1886 vite
187 1843 281 1906 caper
298 1843 404 1884 morsa
420 1819 541 1884 Bacchi
557 1832 713 1886 mactatus
731 1822 772 1885 ad
790 1845 861 1886 aras

104 1906 219 1972 dicitur
237 1907 360 1970 ultoris:
378 1905 487 1970 nocuit
503 1928 562 1969 sua
579 1906 673 1991 culpa
691 1907 825 1971 duobus.

104 1991 182 2076 quid
199 1991 371 2067 meruistis,
391 2012 481 2067 oves,
499 1991 659 2076 placidum
677 2014 775 2076 pecus
792 1991 888 2075 inque
906 1993 1040 2057 tuendos

103 2089 216 2142 natum
233 2076 391 2150 homines,
409 2077 502 2160 pleno
519 2097 602 2157 quae
619 2076 708 2141 fertis
725 2077 758 2141 in
775 2077 872 2142 ubere
890 2090 1007 2153 nectar,

104 2162 213 2226 mollia
230 2183 312 2244 quae
330 2161 421 2225 nobis
439 2173 559 2225 vestras
577 2161 735 2226 velamina
750 2163 839 2226 lanas

103 2247 263 2333 praebetis
280 2246 409 2330 vitaque
425 2246 528 2331 magis
545 2266 642 2329 quam
659 2259 760 2312 morte
777 2247 911 2311 iuratis?

104 2332 184 2416 quid
200 2353 344 2397 meruere
361 2331 473 2409 boves,
492 2331 608 2396 animal
626 2332 693 2397 sine
711 2333 823 2397 fraude
841 2333 994 2416 dolisque,

103 2417 293 2493 innocuum,
311 2417 459 2501 simplex,
477 2428 587 2481 natum
605 2418 737 2482 tolerare
755 2418 898 2482 labores?

103 2503 271 2566 immemor
294 2513 342 2566 est
372 2502 466 2584 aequi
496 2525 555 2567 nee
578 2501 708 2587 frugum
726 2524 855 2568 munere
873 2503 1000 2588 dignus,

104 2587 160 2669 qui
177 2587 280 2671 potuit
296 2589 385 2650 curvi
403 2588 530 2671 dempto
548 2586 642 2650 modo
660 2588 799 2671 pondere
817 2589 912 2652 aratri

103 2670 274 2736 ruricolam
291 2681 429 2736 mactare
448 2693 555 2748 suum,
575 2672 630 2755 qui
648 2673 721 2737 trita
737 2673 846 2737 labore

103 2756 172 2833 illa,
189 2756 306 2839 quibus
323 2756 437 2821 totiens
455 2757 570 2820 durum
587 2769 794 2822 renovaverat
810 2781 932 2836 arvum,

104 2854 151 2906 tot
169 2841 300 2906 dederat
316 2863 450 2917 messes,
468 2842 624 2926 percussit
641 2842 722 2907 colla
739 2843 851 2908 securi.

102 2948 165 2992 nec
182 2927 257 2990 satis
276 2938 337 3001 est,
355 2926 442 3009 quod
459 2927 522 2991 tale
539 2926 630 2991 nefas
648 2929 865 2993 committitur:
882 2929 969 3014 ipsos

102 3011 292 3095 inscripsere
310 3011 386 3076 deos
404 3011 529 3088 sceleri,
547 3034 728 3096 numenque
747 3036 919 3099 supernum

103 3096 202 3162 caede
219 3096 380 3162 laboriferi
397 3097 529 3161 credunt
545 3097 685 3183 gaudere
702 3097 837 3164 iuvenci.

102 3181 233 3246 victima
250 3182 322 3247 labe
340 3203 451 3247 carens
469 3193 501 3246 et
518 3183 787 3267 praestantissima
803 3185 906 3249 forma

102 3266 194 3348 (nam
209 3267 367 3352 placuisse
385 3268 493 3344 nocet)
510 3267 597 3332 vittis
615 3268 747 3353 insignis
766 3281 797 3334 et
815 3292 892 3334 auro

103 3351 225 3417 sistitur
241 3363 314 3417 ante
331 3375 402 3417 aras
420 3352 570 3435 auditque
588 3353 700 3438 ignara
717 3366 899 3440 precantem

102 3437 288 3522 imponique
306 3460 382 3502 suae
400 3437 485 3501 videt
504 3438 586 3502 inter
604 3460 722 3505 cornua
739 3440 845 3517 fronti,

103 3544 184 3605 quas
202 3522 309 3599 coluit,
328 3523 451 3608 fruges,
469 3545 682 3607 percussaque
701 3526 854 3611 sanguine
872 3526 989 3591 cultros

102 3606 202 3671 inficit
219 3607 251 3670 in
269 3608 388 3691 liquida
406 3607 567 3692 praevisos
585 3608 717 3673 forsitan
737 3610 830 3675 unda.

102 3693 247 3791 protinus
266 3707 389 3778 ereptas
407 3693 525 3757 viventi
543 3706 670 3778 pectore
687 3695 783 3760 fibras

102 3776 275 3862 inspiciunt
292 3790 476 3860 mentesque
495 3778 590 3843 deum
607 3791 787 3845 scrutantur
800 3816 842 3827 —
860 3793 892 3846 et
908 3782 970 3848 illis

102 3863 202 3947 (unde
219 3862 319 3928 fames
338 3862 457 3927 bomini
474 3861 643 3926 vetitorum
662 3873 750 3926 tanta
767 3861 910 3926 ciborum
927 3862 1007 3945 esti)

103 3949 227 4014 audetis
245 3947 347 4025 vesci,
364 3969 466 4034 genus
484 3967 503 4010 ο
520 3945 671 4010 mortale?
697 3944 797 4030 quod,
815 3968 880 4024 oro,

103 4058 145 4101 ne
162 4032 272 4109 facite,
289 4046 320 4098 et
337 4031 463 4098 monitis
482 4031 603 4097 animos
621 4031 774 4097 advertite
791 4032 920 4098 nostris:

156 4133 222 4182 ades
232 4133 309 4180 nau.
923 4132 956 4189 17
