2574 4478
173 209 233 277 112
498 223 531 277 P
550 222 675 279 ovum
693 220 854 279 nasonis

171 347 203 410 in
204 357 291 411 terea
308 345 447 410 validum
465 346 547 430 posit
549 369 567 410 o
536 347 780 412 tmedicamen
797 351 876 410 ae'no

171 433 307 498 fervete
308 433 458 496 texultat
426 433 658 515 atspumisque
676 443 797 496 ttumen
785 432 869 494 tibus
887 429 980 495 albet

171 519 235 582 illio
252 518 431 582 Haemonia
448 518 569 582 radices
587 518 669 581 valle
686 529 821 582 resectas

104 622 153 672 265
172 604 353 685 seminaque
370 603 526 685 floresque
544 615 575 668 et
593 625 685 667 sucos
702 602 843 684 incoquit
859 625 878 665 a
879 612 957 678 tros3

171 688 267 754 adicit
254 699 424 754 textremo
441 689 562 772 lapides
580 689 679 752 orient
682 712 699 752 e
716 700 781 773 petr
782 701 830 752 tos

172 785 299 857 etquas
318 771 441 838 Oceani
458 775 592 838 refluum
610 797 696 838 mare
713 775 791 838 lavit
808 774 956 873 harenas:

172 860 260 924 addit
276 871 307 925 et
326 869 472 944 exceptas
489 861 566 923 luna
582 871 731 943 pernocte
748 860 877 944 pruinas

172 958 203 1009 et
221 946 325 1030 strigis
342 945 502 1008 infames
494 945 570 1030 1psis
589 967 661 1009 cum
679 946 825 1009 carnibus
844 945 919 1021 alas,

42 1068 44 1072 ⁷
105 1051 155 1100 270
172 1032 267 1114 inque
285 1031 387 1094 virum
405 1031 488 1093 soliti
505 1031 573 1094 vult
561 1042 611 1094 tus
629 1041 750 1094 mutare
768 1031 886 1094 ferinos

172 1116 313 1201 ambigui
330 1127 474 1200 prosecta
491 1117 568 1200 lupi
611 1139 670 1179 nec
688 1116 789 1180 defuit
805 1116 867 1179 illis

173 1224 324 1302 squamea
342 1199 521 1303 Cinyphiit
524 1201 613 1266 enuis
630 1201 814 1265 membrana
831 1201 972 1285 chelydri

172 1288 353 1370 vivacisque
370 1286 457 1352 iecur
475 1287 570 1363 cervi,
587 1286 729 1369 quibus
720 1310 848 1371 msuper
866 1287 954 1350 addit

172 1395 227 1437 ora
245 1384 402 1457 caputque
419 1394 534 1436 novem
552 1372 684 1436 cornicis
703 1373 829 1436 saecula
846 1395 969 1456 passae.

104 1477 153 1526 275
171 1458 220 1521 his
238 1468 270 1522 et
257 1458 372 1522 tmille
389 1458 458 1522 aliis
475 1468 643 1543 postquam
661 1458 728 1523 sine
745 1458 871 1521 nomine
888 1458 983 1521 rebus

79 1608 80 1612 ,
171 1545 311 1643 propqsit
311 1567 367 1607 um
383 1543 533 1607 instruxit
520 1544 673 1607 tmortali
690 1543 826 1607 barbara
842 1543 954 1618 maine,

172 1629 272 1692 arenti
289 1651 376 1692 ramo
394 1629 579 1728 iampridem
597 1628 681 1692 mitis
700 1629 801 1692 olivae

172 1715 278 1778 omnia
295 1714 438 1779 confudit
455 1714 648 1797 summisque
665 1714 835 1778 immiscuit
852 1713 925 1778 ima

172 1821 245 1864 ecce
262 1823 302 1864 ve
304 1811 354 1863 tus
304 1800 474 1863 tcalido
492 1811 681 1863 versatust
653 1813 681 1863 st
683 1800 749 1885 ipes
768 1805 856 1864 ae'no

104 1904 154 1954 aso
171 1885 207 1948 fit
224 1885 331 1948 viridis
348 1885 464 1970 primo,
481 1907 540 1948 nec
557 1885 653 1970 longo
672 1896 813 1970 tempore
831 1885 959 1948 frondes

172 1970 274 2034 induit
291 1980 323 2033 et
340 1970 444 2034 subito
461 1970 601 2054 gravidis
619 1982 767 2034 oneratur
785 1970 884 2033 olivis.

174 2066 423 2204 atquacumque
442 2077 520 2119 cavo
539 2079 667 2140 spumas
685 2056 776 2121 eiecit
794 2061 872 2120 atino

173 2141 272 2226 ignis,
290 2153 321 2205 et
338 2142 371 2204 in
388 2152 504 2205 terram
521 2153 579 2227 gut
580 2152 631 2206 tae
580 2143 790 2206 tcecidere
808 2141 955 2217 calentes,

171 2237 281 2291 vernat
297 2226 426 2303 humus,
443 2227 599 2309 floresque
616 2237 648 2291 e
635 2227 773 2290 tmollia
790 2227 907 2312 pabula
925 2239 1069 2312 surgunt.

104 2331 153 2381 285
172 2333 254 2396 quae
272 2312 404 2376 simulac
420 2312 560 2388 vidiat
532 2312 639 2376 stricto
656 2312 775 2377 Medea
792 2312 926 2376 recludit

171 2421 246 2462 ense
264 2398 346 2462 senis
363 2398 524 2482 iugulum,
542 2409 743 2481 veteremque
762 2398 847 2462 exire
866 2419 1009 2461 cruorem

170 2506 278 2569 passa,
296 2484 396 2567 replet
414 2483 507 2547 sucis.
551 2505 632 2565 quos
649 2495 818 2568 postquam
836 2482 988 2547 combibit
1005 2485 1117 2551 Aeson

171 2580 227 2633 aut
244 2591 298 2633 ore
315 2580 462 2654 acceptos
479 2581 535 2633 aut
553 2569 697 2644 vulnere,
716 2569 815 2632 barba
832 2590 1004 2651 comaeque

171 2654 284 2718 canitie
301 2654 404 2739 posita
419 2654 547 2754 nigrum
563 2677 696 2738 rapuere
714 2655 859 2718 colorem.

104 2759 153 2808 290
170 2739 263 2824 pulsa
279 2740 360 2824 fugit
378 2739 508 2815 macies,
527 2739 645 2804 abeunt
632 2740 867 2823 tpallorque
843 2751 993 2822 situsque,

171 2825 356 2907 adiectoque
374 2847 470 2889 cavae
488 2825 674 2926 supplentur
691 2847 836 2912 corpore
839 2848 948 2910 rugae,

172 2910 376 2993 membraque
393 2909 564 2974 luxuriant
607 2911 717 2974 Aeson
735 2912 827 2974 mirat
829 2923 915 2974 uret
903 2911 1007 2974 tolim

172 3007 244 3059 ante
263 3006 374 3077 quater
392 2996 489 3060 denos
507 2995 592 3058 huno
609 3018 643 3059 se
660 2996 869 3060 reminiscitur
887 3018 995 3060 annos

214 3081 347 3144 Viderat
364 3104 404 3145 ex
421 3082 485 3144 alto
503 3082 582 3145 tanti
600 3081 752 3145 miracula
769 3082 899 3145 monstri
1077 3083 1181 3162 Bacchi

104 3186 154 3234 295
173 3166 282 3242 Liber,
301 3178 331 3230 et
350 3166 529 3230 admonitus
546 3167 677 3231 iuvenes
694 3167 870 3230 nutricibus
888 3189 987 3231 annos
1069 3161 1194 3204 nutnces.

171 3274 263 3335 posse
281 3252 346 3315 suis
364 3252 468 3327 reddi,
487 3253 571 3336 capit
587 3252 648 3315 hoo
666 3275 685 3315 a
703 3249 855 3316 Colchide
872 3275 998 3316 munus.

213 3337 303 3401 Neve
321 3338 385 3400 doli
403 3349 538 3413 cessent,
557 3337 663 3401 odium
682 3359 754 3401 cum
773 3338 906 3422 coniuge
923 3338 1040 3401 falsum
1094 3357 1194 3412 Pata.

170 3422 304 3486 Phasias
322 3423 485 3486 assimulat
501 3423 693 3522 Peliaeque
692 3424 733 3486 ad
749 3423 858 3486 limina
876 3423 1011 3507 supplex

171 3508 323 3592 confugit.
368 3519 399 3571 at
401 3530 462 3590 que
480 3509 579 3584 illam,
598 3508 784 3590 quoniam
766 3508 870 3572 oravis
887 3509 955 3592 ipse
973 3521 1101 3574 senecta
1120 3525 1179 3590 est,

104 3613 153 3660 300
172 3595 332 3677 excipiunt
349 3605 455 3657 natae:
474 3615 552 3676 quas
570 3609 711 3693 tempore
728 3594 842 3657 callida
859 3616 957 3678 parvo

173 3677 300 3742 Colchis
318 3679 423 3742 amicit
423 3679 473 3742 iae
492 3679 678 3742 mendacis
669 3680 807 3763 imagine
826 3680 918 3763 cepit.

172 3765 310 3845 dumque
327 3765 449 3828 refert
441 3775 522 3828 mter
539 3764 722 3828 meritorum
740 3765 891 3840 maxima,
910 3765 1056 3851 demptos

170 3849 306 3912 Aesonis
325 3872 392 3913 esse
410 3851 503 3925 situs,
522 3862 616 3932 atque
635 3849 720 3914 hac
711 3874 744 3913 m
761 3861 850 3934 parte
867 3864 1019 3948 moratur,

171 3957 242 4018 spes
261 3944 308 3998 est
296 3935 501 4019 tvirginibus
518 3935 609 3999 Ρο1ἱο
628 3936 770 4000 subiecta
787 3945 870 3999 creat
870 3935 909 4011 is,

103 4039 152 4089 305
171 4029 236 4083 arte
255 4041 347 4082 suum
365 4020 457 4104 parili
474 4020 663 4084 revirescere
681 4043 773 4106 posse
791 4032 964 4106 parentem.
