<?xml version="1.0" encoding="UTF-8"?>
<!DOCTYPE html PUBLIC "-//W3C//DTD XHTML 1.0 Transitional//EN"
    "http://www.w3.org/TR/xhtml1/DTD/xhtml1-transitional.dtd">
<html xmlns="http://www.w3.org/1999/xhtml" xml:lang="en" lang="en">
 <head>
  <title>
</title>
<meta http-equiv="Content-Type" content="text/html;charset=utf-8" />
  <meta name='ocr-system' content='tesseract 3.04.00' />
  <meta name='ocr-capabilities' content='ocr_page ocr_carea ocr_par ocr_line ocrx_word'/>
</head>
<body>
  <div class='ocr_page' id='page_1' title='image "./carmina03ovidgoog_0236.png"; bbox 0 0 2574 4478; ppageno 0'>
   <div class='ocr_carea' id='block_1_1' title="bbox 188 207 1119 280">
    <p class='ocr_par' dir='ltr' id='par_1_1' title="bbox 188 207 1119 280">
     <span class='ocr_line' id='line_1_1' title="bbox 188 207 1119 280; baseline -0.008 -1"><span class='ocrx_word' id='word_1_1' title='bbox 188 222 553 280; x_wconf 83' lang='lat' dir='ltr'><strong>METAMORPHOSEON</strong></span> <span class='ocrx_word' id='word_1_2' title='bbox 569 222 642 277; x_wconf 91' lang='lat' dir='ltr'>LIB.</span> <span class='ocrx_word' id='word_1_3' title='bbox 660 223 697 276; x_wconf 90' lang='lat' dir='ltr'>X.</span> <span class='ocrx_word' id='word_1_4' title='bbox 711 222 855 277; x_wconf 70' lang='lat' dir='ltr'>tot—739.</span> <span class='ocrx_word' id='word_1_5' title='bbox 872 222 925 277; x_wconf 89' lang='lat' dir='ltr'>XI.</span> <span class='ocrx_word' id='word_1_6' title='bbox 937 223 1030 279; x_wconf 79' lang='lat'>1-51.</span> <span class='ocrx_word' id='word_1_7' title='bbox 1060 207 1119 274; x_wconf 85' lang='lat'>181</span> 
     </span>
    </p>
   </div>
   <div class='ocr_carea' id='block_1_2' title="bbox 95 345 1167 4092">
    <p class='ocr_par' dir='ltr' id='par_1_2' title="bbox 100 345 736 432">
     <span class='ocr_line' id='line_1_2' title="bbox 100 345 736 432; baseline -0.008 -19"><span class='ocrx_word' id='word_1_8' title='bbox 100 347 183 413; x_wconf 88' lang='lat' dir='ltr'>vatis</span> <span class='ocrx_word' id='word_1_9' title='bbox 201 346 361 432; x_wconf 91' lang='lat' dir='ltr'>Apollinei</span> <span class='ocrx_word' id='word_1_10' title='bbox 377 346 500 411; x_wconf 89' lang='lat' dir='ltr'>vocalia</span> <span class='ocrx_word' id='word_1_11' title='bbox 516 345 601 409; x_wconf 80' lang='lat' dir='ltr'><strong>misit</strong></span> <span class='ocrx_word' id='word_1_12' title='bbox 617 345 651 408; x_wconf 96' lang='lat' dir='ltr'>in</span> <span class='ocrx_word' id='word_1_13' title='bbox 667 366 736 409; x_wconf 90' lang='lat' dir='ltr'>ora:</span> 
     </span>
    </p>

    <p class='ocr_par' dir='ltr' id='par_1_3' title="bbox 100 429 908 602">
     <span class='ocr_line' id='line_1_3' title="bbox 100 429 908 518; baseline -0.006 -20"><span class='ocrx_word' id='word_1_14' title='bbox 100 455 184 518; x_wconf 90' lang='lat' dir='ltr'>quae</span> <span class='ocrx_word' id='word_1_15' title='bbox 201 433 285 497; x_wconf 89' lang='lat' dir='ltr'>foliis</span> <span class='ocrx_word' id='word_1_16' title='bbox 302 442 450 516; x_wconf 89' lang='lat' dir='ltr'>praesuta</span> <span class='ocrx_word' id='word_1_17' title='bbox 467 442 575 495; x_wconf 92' lang='lat' dir='ltr'>notam</span> <span class='ocrx_word' id='word_1_18' title='bbox 592 430 659 495; x_wconf 91' lang='lat' dir='ltr'>sine</span> <span class='ocrx_word' id='word_1_19' title='bbox 677 430 807 494; x_wconf 90' lang='lat' dir='ltr'>vulnere</span> <span class='ocrx_word' id='word_1_20' title='bbox 824 429 908 493; x_wconf 88' lang='lat' dir='ltr'>fecit.</span> 
     </span>
     <span class='ocr_line' id='line_1_4' title="bbox 101 514 861 602; baseline -0.007 -19"><span class='ocrx_word' id='word_1_21' title='bbox 101 518 230 583; x_wconf 91' lang='lat' dir='ltr'>alterius</span> <span class='ocrx_word' id='word_1_22' title='bbox 247 517 345 582; x_wconf 92' lang='lat' dir='ltr'>telum</span> <span class='ocrx_word' id='word_1_23' title='bbox 361 517 441 602; x_wconf 90' lang='lat' dir='ltr'>lapis</span> <span class='ocrx_word' id='word_1_24' title='bbox 460 527 521 593; x_wconf 93' lang='lat' dir='ltr'>est,</span> <span class='ocrx_word' id='word_1_25' title='bbox 539 515 594 599; x_wconf 91' lang='lat' dir='ltr'>qui</span> <span class='ocrx_word' id='word_1_26' title='bbox 611 515 725 579; x_wconf 88' lang='lat' dir='ltr'>missus</span> <span class='ocrx_word' id='word_1_27' title='bbox 742 514 861 599; x_wconf 92' lang='lat' dir='ltr'>inipso</span> 
     </span>
    </p>

    <p class='ocr_par' dir='ltr' id='par_1_4' title="bbox 101 600 876 684">
     <span class='ocr_line' id='line_1_5' title="bbox 101 600 876 684; baseline -0.009 -15"><span class='ocrx_word' id='word_1_28' title='bbox 101 610 174 670; x_wconf 73' lang='lat' dir='ltr'>adre</span> <span class='ocrx_word' id='word_1_29' title='bbox 193 613 347 667; x_wconf 82' lang='lat' dir='ltr'>concentu</span> <span class='ocrx_word' id='word_1_30' title='bbox 366 603 467 665; x_wconf 90' lang='lat' dir='ltr'>victus</span> <span class='ocrx_word' id='word_1_31' title='bbox 485 602 633 683; x_wconf 89' lang='lat' dir='ltr'>vocisque</span> <span class='ocrx_word' id='word_1_32' title='bbox 650 600 801 684; x_wconf 85' lang='lat' dir='ltr'><strong>lyraeque</strong></span> <span class='ocrx_word' id='word_1_33' title='bbox 819 609 876 676; x_wconf 87' lang='lat' dir='ltr'>est,</span> 
     </span>
    </p>

    <p class='ocr_par' dir='ltr' id='par_1_5' title="bbox 102 685 846 787">
     <span class='ocr_line' id='line_1_6' title="bbox 102 685 846 787; baseline -0.009 -33"><span class='ocrx_word' id='word_1_34' title='bbox 102 711 139 754; x_wconf 88' lang='lat' dir='ltr'>ae</span> <span class='ocrx_word' id='word_1_35' title='bbox 156 688 255 753; x_wconf 92' lang='lat' dir='ltr'>veluti</span> <span class='ocrx_word' id='word_1_36' title='bbox 272 688 406 787; x_wconf 81' lang='lat' dir='ltr'>supplex</span> <span class='ocrx_word' id='word_1_37' title='bbox 422 709 480 772; x_wconf 91' lang='lat' dir='ltr'>pro</span> <span class='ocrx_word' id='word_1_38' title='bbox 496 697 562 750; x_wconf 87' lang='lat' dir='ltr'>tam</span> <span class='ocrx_word' id='word_1_39' title='bbox 578 685 744 750; x_wconf 86' lang='lat' dir='ltr'>furialibus</span> <span class='ocrx_word' id='word_1_40' title='bbox 762 685 846 748; x_wconf 88' lang='lat' dir='ltr'>ausis</span> 
     </span>
    </p>

    <p class='ocr_par' dir='ltr' id='par_1_6' title="bbox 100 771 963 1283">
     <span class='ocr_line' id='line_1_7' title="bbox 101 771 960 858; baseline -0.002 -21"><span class='ocrx_word' id='word_1_41' title='bbox 101 786 175 838; x_wconf 90' lang='lat' dir='ltr'>ante</span> <span class='ocrx_word' id='word_1_42' title='bbox 193 773 290 858; x_wconf 92' lang='lat' dir='ltr'>pedes</span> <span class='ocrx_word' id='word_1_43' title='bbox 307 773 414 837; x_wconf 79' lang='lat' dir='ltr'>iacuit.</span> <span class='ocrx_word' id='word_1_44' title='bbox 458 772 515 836; x_wconf 90' lang='lat' dir='ltr'>sed</span> <span class='ocrx_word' id='word_1_45' title='bbox 532 771 615 836; x_wconf 93' lang='lat' dir='ltr'>enim</span> <span class='ocrx_word' id='word_1_46' title='bbox 632 771 799 835; x_wconf 91' lang='lat' dir='ltr'>temeraria</span> <span class='ocrx_word' id='word_1_47' title='bbox 816 780 960 835; x_wconf 91' lang='lat' dir='ltr'>crescunt</span> 
     </span>
     <span class='ocr_line' id='line_1_8' title="bbox 100 854 963 939; baseline -0.003 -16"><span class='ocrx_word' id='word_1_48' title='bbox 100 860 199 934; x_wconf 92' lang='lat' dir='ltr'>bella,</span> <span class='ocrx_word' id='word_1_49' title='bbox 216 858 391 939; x_wconf 92' lang='lat' dir='ltr'>modusque</span> <span class='ocrx_word' id='word_1_50' title='bbox 409 855 499 933; x_wconf 90' lang='lat' dir='ltr'>abiit,</span> <span class='ocrx_word' id='word_1_51' title='bbox 517 857 691 938; x_wconf 90' lang='lat' dir='ltr'>insanaque</span> <span class='ocrx_word' id='word_1_52' title='bbox 708 865 819 939; x_wconf 89' lang='lat' dir='ltr'>regnat</span> <span class='ocrx_word' id='word_1_53' title='bbox 836 854 963 939; x_wconf 83' lang='lat' dir='ltr'><strong>Erinys.</strong></span> 
     </span>
     <span class='ocr_line' id='line_1_9' title="bbox 101 940 946 1026; baseline -0.005 -18"><span class='ocrx_word' id='word_1_54' title='bbox 101 954 277 1026; x_wconf 86' lang='lat' dir='ltr'>cunctaque</span> <span class='ocrx_word' id='word_1_55' title='bbox 296 943 359 1006; x_wconf 91' lang='lat' dir='ltr'>tela</span> <span class='ocrx_word' id='word_1_56' title='bbox 375 941 479 1006; x_wconf 87' lang='lat' dir='ltr'>forent</span> <span class='ocrx_word' id='word_1_57' title='bbox 496 952 591 1005; x_wconf 92' lang='lat' dir='ltr'>cantu</span> <span class='ocrx_word' id='word_1_58' title='bbox 608 941 741 1004; x_wconf 89' lang='lat' dir='ltr'>mollita:</span> <span class='ocrx_word' id='word_1_59' title='bbox 760 940 816 1004; x_wconf 91' lang='lat' dir='ltr'>sed</span> <span class='ocrx_word' id='word_1_60' title='bbox 833 941 946 1026; x_wconf 88' lang='lat' dir='ltr'>ingens</span> 
     </span>
     <span class='ocr_line' id='line_1_10' title="bbox 101 1025 811 1112; baseline -0.006 -19"><span class='ocrx_word' id='word_1_61' title='bbox 101 1030 220 1093; x_wconf 90' lang='lat' dir='ltr'>clamor</span> <span class='ocrx_word' id='word_1_62' title='bbox 237 1038 269 1092; x_wconf 90' lang='lat' dir='ltr'>et</span> <span class='ocrx_word' id='word_1_63' title='bbox 284 1028 400 1092; x_wconf 86' lang='lat' dir='ltr'>inflexo</span> <span class='ocrx_word' id='word_1_64' title='bbox 410 1027 600 1112; x_wconf 87' lang='lat' dir='ltr'>Berecyntia</span> <span class='ocrx_word' id='word_1_65' title='bbox 617 1025 695 1090; x_wconf 88' lang='lat' dir='ltr'>tibia</span> <span class='ocrx_word' id='word_1_66' title='bbox 712 1047 811 1090; x_wconf 91' lang='lat' dir='ltr'>cornu</span> 
     </span>
     <span class='ocr_line' id='line_1_11' title="bbox 100 1111 870 1198; baseline -0.003 -20"><span class='ocrx_word' id='word_1_67' title='bbox 100 1125 314 1198; x_wconf 84' lang='lat' dir='ltr'>tympanaque</span> <span class='ocrx_word' id='word_1_68' title='bbox 332 1123 365 1177; x_wconf 87' lang='lat' dir='ltr'>et</span> <span class='ocrx_word' id='word_1_69' title='bbox 381 1113 511 1198; x_wconf 81' lang='lat' dir='ltr'>plausus</span> <span class='ocrx_word' id='word_1_70' title='bbox 529 1123 561 1177; x_wconf 90' lang='lat' dir='ltr'>et</span> <span class='ocrx_word' id='word_1_71' title='bbox 577 1111 716 1176; x_wconf 80' lang='lat' dir='ltr'><strong>Bacchei</strong></span> <span class='ocrx_word' id='word_1_72' title='bbox 732 1111 870 1176; x_wconf 89' lang='lat' dir='ltr'>ululatus</span> 
     </span>
     <span class='ocr_line' id='line_1_12' title="bbox 101 1196 926 1283; baseline -0.004 -21"><span class='ocrx_word' id='word_1_73' title='bbox 101 1199 305 1283; x_wconf 82' lang='lat' dir='ltr'>obstrepuere</span> <span class='ocrx_word' id='word_1_74' title='bbox 322 1219 400 1262; x_wconf 90' lang='lat' dir='ltr'>sono</span> <span class='ocrx_word' id='word_1_75' title='bbox 418 1197 566 1262; x_wconf 89' lang='lat' dir='ltr'>citharae.</span> <span class='ocrx_word' id='word_1_76' title='bbox 610 1207 678 1261; x_wconf 90' lang='lat' dir='ltr'>tum</span> <span class='ocrx_word' id='word_1_77' title='bbox 696 1196 831 1280; x_wconf 92' lang='lat' dir='ltr'>denique</span> <span class='ocrx_word' id='word_1_78' title='bbox 848 1219 926 1260; x_wconf 88' lang='lat' dir='ltr'>saxa</span> 
     </span>
    </p>

    <p class='ocr_par' dir='ltr' id='par_1_7' title="bbox 100 1281 796 1367">
     <span class='ocr_line' id='line_1_13' title="bbox 100 1281 796 1367; baseline -0.004 -19"><span class='ocrx_word' id='word_1_79' title='bbox 100 1306 164 1348; x_wconf 92' lang='lat' dir='ltr'>non</span> <span class='ocrx_word' id='word_1_80' title='bbox 184 1282 324 1347; x_wconf 89' lang='lat' dir='ltr'>exauditi</span> <span class='ocrx_word' id='word_1_81' title='bbox 340 1282 516 1348; x_wconf 86' lang='lat' dir='ltr'>rubuerunt</span> <span class='ocrx_word' id='word_1_82' title='bbox 533 1282 687 1367; x_wconf 88' lang='lat' dir='ltr'>sanguine</span> <span class='ocrx_word' id='word_1_83' title='bbox 705 1281 796 1346; x_wconf 88' lang='lat' dir='ltr'>vatis.</span> 
     </span>
    </p>

    <p class='ocr_par' dir='ltr' id='par_1_8' title="bbox 99 1366 995 1624">
     <span class='ocr_line' id='line_1_14' title="bbox 100 1366 902 1453; baseline -0.004 -20"><span class='ocrx_word' id='word_1_84' title='bbox 100 1392 137 1434; x_wconf 87' lang='lat' dir='ltr'>ac</span> <span class='ocrx_word' id='word_1_85' title='bbox 154 1369 292 1453; x_wconf 93' lang='lat' dir='ltr'>primum</span> <span class='ocrx_word' id='word_1_86' title='bbox 310 1368 456 1432; x_wconf 87' lang='lat' dir='ltr'>attonitas</span> <span class='ocrx_word' id='word_1_87' title='bbox 474 1369 648 1432; x_wconf 82' lang='lat' dir='ltr'>etiamnum</span> <span class='ocrx_word' id='word_1_88' title='bbox 666 1388 744 1431; x_wconf 93' lang='lat' dir='ltr'>voce</span> <span class='ocrx_word' id='word_1_89' title='bbox 761 1366 902 1431; x_wconf 88' lang='lat' dir='ltr'>canentis</span> 
     </span>
     <span class='ocr_line' id='line_1_15' title="bbox 99 1451 995 1538; baseline -0.002 -20"><span class='ocrx_word' id='word_1_90' title='bbox 99 1455 280 1518; x_wconf 90' lang='lat' dir='ltr'>innumeras</span> <span class='ocrx_word' id='word_1_91' title='bbox 298 1454 441 1518; x_wconf 90' lang='lat' dir='ltr'>volucres</span> <span class='ocrx_word' id='word_1_92' title='bbox 460 1476 501 1517; x_wconf 91' lang='lat' dir='ltr'>an</span> <span class='ocrx_word' id='word_1_93' title='bbox 547 1473 643 1535; x_wconf 91' lang='lat' dir='ltr'>esque</span> <span class='ocrx_word' id='word_1_94' title='bbox 662 1473 839 1538; x_wconf 85' lang='lat' dir='ltr'>agmenque</span> <span class='ocrx_word' id='word_1_95' title='bbox 856 1451 995 1516; x_wconf 85' lang='lat' dir='ltr'>ferarum</span> 
     </span>
     <span class='ocr_line' id='line_1_16' title="bbox 100 1537 902 1624; baseline -0.002 -21"><span class='ocrx_word' id='word_1_96' title='bbox 100 1539 291 1616; x_wconf 86' lang='lat' dir='ltr'>Maenades,</span> <span class='ocrx_word' id='word_1_97' title='bbox 309 1537 433 1624; x_wconf 89' lang='lat' dir='ltr'>Orphei</span> <span class='ocrx_word' id='word_1_98' title='bbox 449 1539 487 1603; x_wconf 91' lang='lat' dir='ltr'>tit</span> <span class='ocrx_word' id='word_1_99' title='bbox 521 1561 591 1615; x_wconf 91' lang='lat' dir='ltr'>um,</span> <span class='ocrx_word' id='word_1_100' title='bbox 607 1559 756 1622; x_wconf 83' lang='lat' dir='ltr'>rapuere,</span> <span class='ocrx_word' id='word_1_101' title='bbox 774 1537 902 1602; x_wconf 81' lang='lat' dir='ltr'>theatri:</span> 
     </span>
    </p>

    <p class='ocr_par' dir='ltr' id='par_1_9' title="bbox 98 1621 878 1708">
     <span class='ocr_line' id='line_1_17' title="bbox 98 1621 878 1708; baseline -0.004 -19"><span class='ocrx_word' id='word_1_102' title='bbox 98 1625 173 1689; x_wconf 92' lang='lat' dir='ltr'>inde</span> <span class='ocrx_word' id='word_1_103' title='bbox 191 1624 360 1688; x_wconf 82' lang='lat' dir='ltr'>cruentatis</span> <span class='ocrx_word' id='word_1_104' title='bbox 378 1634 543 1689; x_wconf 89' lang='lat' dir='ltr'>vertuntur</span> <span class='ocrx_word' id='word_1_105' title='bbox 559 1624 592 1687; x_wconf 95' lang='lat' dir='ltr'>in</span> <span class='ocrx_word' id='word_1_106' title='bbox 610 1621 743 1708; x_wconf 89' lang='lat' dir='ltr'>Orphea</span> <span class='ocrx_word' id='word_1_107' title='bbox 760 1623 878 1687; x_wconf 85' lang='lat' dir='ltr'>dextris</span> 
     </span>
    </p>

    <p class='ocr_par' dir='ltr' id='par_1_10' title="bbox 98 1708 1008 1963">
     <span class='ocr_line' id='line_1_18' title="bbox 100 1708 898 1793; baseline -0.006 -18"><span class='ocrx_word' id='word_1_108' title='bbox 100 1722 130 1775; x_wconf 90' lang='lat' dir='ltr'>et</span> <span class='ocrx_word' id='word_1_109' title='bbox 148 1715 274 1785; x_wconf 81' lang='lat' dir='ltr'>coe&#39;unt,</span> <span class='ocrx_word' id='word_1_110' title='bbox 292 1719 328 1772; x_wconf 87' lang='lat' dir='ltr'>ut</span> <span class='ocrx_word' id='word_1_111' title='bbox 345 1732 434 1785; x_wconf 88' lang='lat' dir='ltr'>aves,</span> <span class='ocrx_word' id='word_1_112' title='bbox 453 1710 478 1772; x_wconf 93' lang='lat' dir='ltr'>si</span> <span class='ocrx_word' id='word_1_113' title='bbox 496 1708 623 1792; x_wconf 90' lang='lat' dir='ltr'>quando</span> <span class='ocrx_word' id='word_1_114' title='bbox 641 1709 712 1772; x_wconf 93' lang='lat' dir='ltr'>luce</span> <span class='ocrx_word' id='word_1_115' title='bbox 729 1720 898 1793; x_wconf 87' lang='lat' dir='ltr'>vagantem</span> 
     </span>
     <span class='ocr_line' id='line_1_19' title="bbox 98 1793 1008 1877; baseline -0.001 -18"><span class='ocrx_word' id='word_1_116' title='bbox 98 1794 200 1860; x_wconf 90' lang='lat' dir='ltr'>noctis</span> <span class='ocrx_word' id='word_1_117' title='bbox 219 1816 310 1857; x_wconf 90' lang='lat' dir='ltr'>avem</span> <span class='ocrx_word' id='word_1_118' title='bbox 328 1804 468 1858; x_wconf 86' lang='lat' dir='ltr'>cernunt.</span> <span class='ocrx_word' id='word_1_119' title='bbox 512 1804 694 1877; x_wconf 88' lang='lat' dir='ltr'>structoque</span> <span class='ocrx_word' id='word_1_120' title='bbox 711 1794 869 1877; x_wconf 91' lang='lat' dir='ltr'>utrimque</span> <span class='ocrx_word' id='word_1_121' title='bbox 886 1793 1008 1858; x_wconf 90' lang='lat' dir='ltr'>theatro</span> 
     </span>
     <span class='ocr_line' id='line_1_20' title="bbox 100 1879 772 1963; baseline -0.004 -18"><span class='ocrx_word' id='word_1_122' title='bbox 100 1902 159 1945; x_wconf 90' lang='lat' dir='ltr'>ceu</span> <span class='ocrx_word' id='word_1_123' title='bbox 176 1879 332 1942; x_wconf 88' lang='lat' dir='ltr'>matutina</span> <span class='ocrx_word' id='word_1_124' title='bbox 350 1901 461 1943; x_wconf 88' lang='lat' dir='ltr'>cervus</span> <span class='ocrx_word' id='word_1_125' title='bbox 478 1879 636 1963; x_wconf 87' lang='lat' dir='ltr'>periturus</span> <span class='ocrx_word' id='word_1_126' title='bbox 653 1879 772 1943; x_wconf 88' lang='lat' dir='ltr'>harena</span> 
     </span>
    </p>

    <p class='ocr_par' dir='ltr' id='par_1_11' title="bbox 99 1963 1071 2134">
     <span class='ocr_line' id='line_1_21' title="bbox 99 1963 1071 2050; baseline 0.002 -22"><span class='ocrx_word' id='word_1_127' title='bbox 99 1964 217 2050; x_wconf 87' lang='lat' dir='ltr'>praeda</span> <span class='ocrx_word' id='word_1_128' title='bbox 235 1985 349 2028; x_wconf 92' lang='lat' dir='ltr'>canum</span> <span class='ocrx_word' id='word_1_129' title='bbox 366 1975 428 2041; x_wconf 87' lang='lat' dir='ltr'>est,</span> <span class='ocrx_word' id='word_1_130' title='bbox 446 1975 613 2047; x_wconf 86' lang='lat' dir='ltr'>vatemque</span> <span class='ocrx_word' id='word_1_131' title='bbox 629 1974 742 2049; x_wconf 91' lang='lat' dir='ltr'>petunt</span> <span class='ocrx_word' id='word_1_132' title='bbox 758 1974 791 2028; x_wconf 89' lang='lat' dir='ltr'>et</span> <span class='ocrx_word' id='word_1_133' title='bbox 806 1963 918 2029; x_wconf 84' lang='lat' dir='ltr'>fronde</span> <span class='ocrx_word' id='word_1_134' title='bbox 935 1966 1071 2030; x_wconf 90' lang='lat' dir='ltr'>virentes</span> 
     </span>
     <span class='ocr_line' id='line_1_22' title="bbox 100 2048 917 2134; baseline 0 -20"><span class='ocrx_word' id='word_1_135' title='bbox 100 2049 259 2114; x_wconf 91' lang='lat' dir='ltr'>coniciunt</span> <span class='ocrx_word' id='word_1_136' title='bbox 276 2048 416 2134; x_wconf 85' lang='lat' dir='ltr'>thyrsos,</span> <span class='ocrx_word' id='word_1_137' title='bbox 433 2071 497 2113; x_wconf 91' lang='lat' dir='ltr'>non</span> <span class='ocrx_word' id='word_1_138' title='bbox 513 2049 593 2113; x_wconf 87' lang='lat' dir='ltr'>haec</span> <span class='ocrx_word' id='word_1_139' title='bbox 608 2049 642 2112; x_wconf 91' lang='lat' dir='ltr'>in</span> <span class='ocrx_word' id='word_1_140' title='bbox 658 2070 790 2114; x_wconf 91' lang='lat' dir='ltr'>munera</span> <span class='ocrx_word' id='word_1_141' title='bbox 807 2049 917 2115; x_wconf 84' lang='lat' dir='ltr'>factos.</span> 
     </span>
    </p>

    <p class='ocr_par' dir='ltr' id='par_1_12' title="bbox 99 2133 834 2220">
     <span class='ocr_line' id='line_1_23' title="bbox 99 2133 834 2220; baseline -0.001 -21"><span class='ocrx_word' id='word_1_142' title='bbox 99 2136 159 2199; x_wconf 90' lang='lat' dir='ltr'>hae</span> <span class='ocrx_word' id='word_1_143' title='bbox 176 2134 321 2220; x_wconf 86' lang='lat' dir='ltr'>glaebas,</span> <span class='ocrx_word' id='word_1_144' title='bbox 338 2134 410 2198; x_wconf 88' lang='lat' dir='ltr'>illae</span> <span class='ocrx_word' id='word_1_145' title='bbox 436 2134 573 2219; x_wconf 89' lang='lat' dir='ltr'>direptos</span> <span class='ocrx_word' id='word_1_146' title='bbox 592 2133 703 2198; x_wconf 89' lang='lat' dir='ltr'>arbore</span> <span class='ocrx_word' id='word_1_147' title='bbox 720 2155 834 2211; x_wconf 89' lang='lat' dir='ltr'>ramos,</span> 
     </span>
    </p>

    <p class='ocr_par' dir='ltr' id='par_1_13' title="bbox 121 2219 907 2301">
     <span class='ocr_line' id='line_1_24' title="bbox 121 2219 907 2301; baseline 0 -17"><span class='ocrx_word' id='word_1_148' title='bbox 121 2242 171 2284; x_wconf 89' lang='lat' dir='ltr'>ars</span> <span class='ocrx_word' id='word_1_149' title='bbox 190 2230 337 2301; x_wconf 90' lang='lat' dir='ltr'>torquent</span> <span class='ocrx_word' id='word_1_150' title='bbox 353 2219 465 2284; x_wconf 89' lang='lat' dir='ltr'>silices.</span> <span class='ocrx_word' id='word_1_151' title='bbox 508 2241 572 2283; x_wconf 93' lang='lat' dir='ltr'>neu</span> <span class='ocrx_word' id='word_1_152' title='bbox 589 2219 692 2283; x_wconf 87' lang='lat' dir='ltr'>desint</span> <span class='ocrx_word' id='word_1_153' title='bbox 708 2219 772 2284; x_wconf 88' lang='lat' dir='ltr'>tela</span> <span class='ocrx_word' id='word_1_154' title='bbox 788 2220 907 2297; x_wconf 64' lang='lat' dir='ltr'>furori,¹</span> 
     </span>
    </p>

    <p class='ocr_par' dir='ltr' id='par_1_14' title="bbox 98 2244 913 2389">
     <span class='ocr_line' id='line_1_25' title="bbox 98 2244 913 2389; baseline 0.001 -21"><span class='ocrx_word' id='word_1_155' title='bbox 98 2244 180 2370; x_wconf 61' lang='lat' dir='ltr'>dorte</span> <span class='ocrx_word' id='word_1_156' title='bbox 198 2304 295 2368; x_wconf 91' lang='lat' dir='ltr'>boves</span> <span class='ocrx_word' id='word_1_157' title='bbox 313 2327 420 2389; x_wconf 91' lang='lat' dir='ltr'>presso</span> <span class='ocrx_word' id='word_1_158' title='bbox 438 2304 628 2389; x_wconf 85' lang='lat' dir='ltr'>subigebant</span> <span class='ocrx_word' id='word_1_159' title='bbox 645 2324 771 2368; x_wconf 91' lang='lat' dir='ltr'>vomere</span> <span class='ocrx_word' id='word_1_160' title='bbox 788 2315 913 2380; x_wconf 90' lang='lat' dir='ltr'>terram,</span> 
     </span>
    </p>

    <p class='ocr_par' dir='ltr' id='par_1_15' title="bbox 98 2389 942 2540">
     <span class='ocr_line' id='line_1_26' title="bbox 98 2389 942 2475; baseline 0 -20"><span class='ocrx_word' id='word_1_161' title='bbox 98 2413 158 2455; x_wconf 89' lang='lat' dir='ltr'>nec</span> <span class='ocrx_word' id='word_1_162' title='bbox 175 2391 286 2475; x_wconf 92' lang='lat' dir='ltr'>procul</span> <span class='ocrx_word' id='word_1_163' title='bbox 303 2389 377 2453; x_wconf 93' lang='lat' dir='ltr'>hinc</span> <span class='ocrx_word' id='word_1_164' title='bbox 393 2390 492 2453; x_wconf 89' lang='lat' dir='ltr'>multo</span> <span class='ocrx_word' id='word_1_165' title='bbox 509 2389 648 2453; x_wconf 83' lang='lat' dir='ltr'>fructum</span> <span class='ocrx_word' id='word_1_166' title='bbox 665 2389 779 2454; x_wconf 87' lang='lat' dir='ltr'>sudore</span> <span class='ocrx_word' id='word_1_167' title='bbox 796 2402 942 2473; x_wconf 90' lang='lat' dir='ltr'>parantes</span> 
     </span>
     <span class='ocr_line' id='line_1_27' title="bbox 100 2474 744 2540; baseline -0.003 0"><span class='ocrx_word' id='word_1_168' title='bbox 100 2477 180 2540; x_wconf 91' lang='lat' dir='ltr'>dura</span> <span class='ocrx_word' id='word_1_169' title='bbox 196 2475 341 2540; x_wconf 83' lang='lat' dir='ltr'>lacertosi</span> <span class='ocrx_word' id='word_1_170' title='bbox 358 2475 522 2539; x_wconf 88' lang='lat' dir='ltr'>fodiebant</span> <span class='ocrx_word' id='word_1_171' title='bbox 539 2497 615 2538; x_wconf 89' lang='lat' dir='ltr'>arva</span> <span class='ocrx_word' id='word_1_172' title='bbox 632 2474 744 2538; x_wconf 91' lang='lat' dir='ltr'>coloni.</span> 
     </span>
    </p>

    <p class='ocr_par' dir='ltr' id='par_1_16' title="bbox 99 2559 931 2817">
     <span class='ocr_line' id='line_1_28' title="bbox 99 2559 910 2647; baseline 0.001 -22"><span class='ocrx_word' id='word_1_173' title='bbox 99 2560 226 2647; x_wconf 88' lang='lat' dir='ltr'>agmine</span> <span class='ocrx_word' id='word_1_174' title='bbox 243 2561 298 2643; x_wconf 92' lang='lat' dir='ltr'>qui</span> <span class='ocrx_word' id='word_1_175' title='bbox 315 2560 382 2624; x_wconf 94' lang='lat' dir='ltr'>viso</span> <span class='ocrx_word' id='word_1_176' title='bbox 400 2560 527 2645; x_wconf 86' lang='lat' dir='ltr'>fugiunt</span> <span class='ocrx_word' id='word_1_177' title='bbox 544 2560 710 2644; x_wconf 90' lang='lat' dir='ltr'>operisque</span> <span class='ocrx_word' id='word_1_178' title='bbox 728 2559 910 2642; x_wconf 90' lang='lat' dir='ltr'>relinquunt</span> 
     </span>
     <span class='ocr_line' id='line_1_29' title="bbox 99 2646 931 2731; baseline -0.001 -19"><span class='ocrx_word' id='word_1_179' title='bbox 99 2669 187 2712; x_wconf 87' lang='lat' dir='ltr'>arma</span> <span class='ocrx_word' id='word_1_180' title='bbox 204 2646 267 2709; x_wconf 80' lang='lat' dir='ltr'>sui:</span> <span class='ocrx_word' id='word_1_181' title='bbox 290 2667 469 2728; x_wconf 89' lang='lat' dir='ltr'>vacuosque</span> <span class='ocrx_word' id='word_1_182' title='bbox 486 2646 590 2709; x_wconf 85' lang='lat' dir='ltr'>iacent</span> <span class='ocrx_word' id='word_1_183' title='bbox 606 2646 748 2730; x_wconf 89' lang='lat' dir='ltr'>dispersa</span> <span class='ocrx_word' id='word_1_184' title='bbox 764 2668 822 2730; x_wconf 89' lang='lat' dir='ltr'>per</span> <span class='ocrx_word' id='word_1_185' title='bbox 838 2667 931 2731; x_wconf 87' lang='lat' dir='ltr'>agros</span> 
     </span>
     <span class='ocr_line' id='line_1_30' title="bbox 99 2730 904 2817; baseline -0.002 -20"><span class='ocrx_word' id='word_1_186' title='bbox 99 2731 286 2813; x_wconf 88' lang='lat' dir='ltr'>sarculaque</span> <span class='ocrx_word' id='word_1_187' title='bbox 302 2731 458 2813; x_wconf 90' lang='lat' dir='ltr'>rastrique</span> <span class='ocrx_word' id='word_1_188' title='bbox 475 2753 588 2816; x_wconf 88' lang='lat' dir='ltr'>graves</span> <span class='ocrx_word' id='word_1_189' title='bbox 605 2730 757 2817; x_wconf 88' lang='lat' dir='ltr'>longique</span> <span class='ocrx_word' id='word_1_190' title='bbox 772 2731 904 2816; x_wconf 90' lang='lat' dir='ltr'>ligones.</span> 
     </span>
    </p>

    <p class='ocr_par' dir='ltr' id='par_1_17' title="bbox 98 2816 1167 3324">
     <span class='ocr_line' id='line_1_31' title="bbox 99 2816 967 2901; baseline 0.002 -21"><span class='ocrx_word' id='word_1_191' title='bbox 99 2840 180 2900; x_wconf 90' lang='lat' dir='ltr'>quae</span> <span class='ocrx_word' id='word_1_192' title='bbox 197 2826 366 2900; x_wconf 92' lang='lat' dir='ltr'>postquam</span> <span class='ocrx_word' id='word_1_193' title='bbox 382 2838 515 2901; x_wconf 90' lang='lat' dir='ltr'>rapuere</span> <span class='ocrx_word' id='word_1_194' title='bbox 531 2816 634 2893; x_wconf 87' lang='lat' dir='ltr'>ferae,</span> <span class='ocrx_word' id='word_1_195' title='bbox 652 2838 812 2899; x_wconf 92' lang='lat' dir='ltr'>cornuque</span> <span class='ocrx_word' id='word_1_196' title='bbox 829 2816 967 2882; x_wconf 85' lang='lat' dir='ltr'>minaces</span> 
     </span>
     <span class='ocr_line' id='line_1_32' title="bbox 99 2901 816 2978; baseline -0.001 -12"><span class='ocrx_word' id='word_1_197' title='bbox 99 2902 256 2966; x_wconf 90' lang='lat' dir='ltr'>divulsere</span> <span class='ocrx_word' id='word_1_198' title='bbox 273 2901 385 2977; x_wconf 89' lang='lat' dir='ltr'>boves,</span> <span class='ocrx_word' id='word_1_199' title='bbox 404 2902 444 2965; x_wconf 93' lang='lat' dir='ltr'>ad</span> <span class='ocrx_word' id='word_1_200' title='bbox 462 2901 542 2965; x_wconf 87' lang='lat' dir='ltr'>vatis</span> <span class='ocrx_word' id='word_1_201' title='bbox 560 2902 626 2966; x_wconf 89' lang='lat' dir='ltr'>fata</span> <span class='ocrx_word' id='word_1_202' title='bbox 642 2912 816 2978; x_wconf 87' lang='lat' dir='ltr'>recurrunt,</span> 
     </span>
     <span class='ocr_line' id='line_1_33' title="bbox 98 2987 968 3073; baseline 0 -21"><span class='ocrx_word' id='word_1_203' title='bbox 98 2987 343 3068; x_wconf 90' lang='lat' dir='ltr'>tendentemque</span> <span class='ocrx_word' id='word_1_204' title='bbox 360 3009 471 3050; x_wconf 91' lang='lat' dir='ltr'>manus</span> <span class='ocrx_word' id='word_1_205' title='bbox 490 2997 585 3070; x_wconf 89' lang='lat' dir='ltr'>atque</span> <span class='ocrx_word' id='word_1_206' title='bbox 602 2987 655 3051; x_wconf 93' lang='lat' dir='ltr'>illo</span> <span class='ocrx_word' id='word_1_207' title='bbox 673 2999 814 3072; x_wconf 90' lang='lat' dir='ltr'>tempore</span> <span class='ocrx_word' id='word_1_208' title='bbox 831 2987 968 3073; x_wconf 91' lang='lat' dir='ltr'>primum</span> 
     </span>
     <span class='ocr_line' id='line_1_34' title="bbox 98 3071 1167 3155; baseline 0.001 -19"><span class='ocrx_word' id='word_1_209' title='bbox 98 3073 187 3136; x_wconf 91' lang='lat' dir='ltr'>irrita</span> <span class='ocrx_word' id='word_1_210' title='bbox 204 3071 359 3135; x_wconf 91' lang='lat' dir='ltr'>dicentem</span> <span class='ocrx_word' id='word_1_211' title='bbox 376 3093 435 3136; x_wconf 91' lang='lat' dir='ltr'>nec</span> <span class='ocrx_word' id='word_1_212' title='bbox 453 3072 622 3155; x_wconf 89' lang='lat' dir='ltr'>quicquam</span> <span class='ocrx_word' id='word_1_213' title='bbox 639 3094 717 3137; x_wconf 91' lang='lat' dir='ltr'>voce</span> <span class='ocrx_word' id='word_1_214' title='bbox 733 3085 912 3139; x_wconf 89' lang='lat' dir='ltr'>moventem</span> <span class='ocrx_word' id='word_1_215' title='bbox 1132 3098 1167 3146; x_wconf 82' lang='lat'>40</span> 
     </span>
     <span class='ocr_line' id='line_1_35' title="bbox 98 3156 1010 3244; baseline 0.003 -23"><span class='ocrx_word' id='word_1_216' title='bbox 98 3157 270 3240; x_wconf 88' lang='lat' dir='ltr'>sacrilegae</span> <span class='ocrx_word' id='word_1_217' title='bbox 287 3156 460 3240; x_wconf 84' lang='lat' dir='ltr'>perimunt3</span> <span class='ocrx_word' id='word_1_218' title='bbox 478 3177 596 3242; x_wconf 88' lang='lat' dir='ltr'>perque</span> <span class='ocrx_word' id='word_1_219' title='bbox 613 3178 663 3233; x_wconf 93' lang='lat' dir='ltr'>os,</span> <span class='ocrx_word' id='word_1_220' title='bbox 681 3179 738 3243; x_wconf 92' lang='lat' dir='ltr'>pro</span> <span class='ocrx_word' id='word_1_221' title='bbox 755 3158 913 3244; x_wconf 79' lang='lat' dir='ltr'>Iuppiter!</span> <span class='ocrx_word' id='word_1_222' title='bbox 931 3159 1010 3224; x_wconf 93' lang='lat' dir='ltr'>illud</span> 
     </span>
     <span class='ocr_line' id='line_1_36' title="bbox 98 3241 773 3324; baseline 0.003 -19"><span class='ocrx_word' id='word_1_223' title='bbox 98 3242 243 3306; x_wconf 91' lang='lat' dir='ltr'>auditum</span> <span class='ocrx_word' id='word_1_224' title='bbox 260 3241 344 3305; x_wconf 87' lang='lat' dir='ltr'>saxis</span> <span class='ocrx_word' id='word_1_225' title='bbox 361 3242 617 3324; x_wconf 87' lang='lat' dir='ltr'>intellectumque</span> <span class='ocrx_word' id='word_1_226' title='bbox 634 3243 773 3308; x_wconf 90' lang='lat' dir='ltr'>ferarum</span> 
     </span>
    </p>

    <p class='ocr_par' dir='ltr' id='par_1_18' title="bbox 98 3326 838 3394">
     <span class='ocr_line' id='line_1_37' title="bbox 98 3326 838 3394; baseline 0 -2"><span class='ocrx_word' id='word_1_227' title='bbox 98 3326 243 3392; x_wconf 85' lang='lat' dir='ltr'>sensibus</span> <span class='ocrx_word' id='word_1_228' title='bbox 260 3326 293 3389; x_wconf 95' lang='lat' dir='ltr'>in</span> <span class='ocrx_word' id='word_1_229' title='bbox 310 3337 421 3392; x_wconf 91' lang='lat' dir='ltr'>ventos</span> <span class='ocrx_word' id='word_1_230' title='bbox 439 3326 544 3390; x_wconf 88' lang='lat' dir='ltr'>anima</span> <span class='ocrx_word' id='word_1_231' title='bbox 560 3328 685 3392; x_wconf 89' lang='lat' dir='ltr'>exalata</span> <span class='ocrx_word' id='word_1_232' title='bbox 701 3330 838 3394; x_wconf 88' lang='lat' dir='ltr'>recessit.</span> 
     </span>
    </p>

    <p class='ocr_par' dir='ltr' id='par_1_19' title="bbox 97 3410 950 3496">
     <span class='ocr_line' id='line_1_38' title="bbox 97 3410 950 3496; baseline 0.002 -19"><span class='ocrx_word' id='word_1_233' title='bbox 97 3424 128 3477; x_wconf 86' lang='lat' dir='ltr'>te</span> <span class='ocrx_word' id='word_1_234' title='bbox 145 3422 285 3476; x_wconf 90' lang='lat' dir='ltr'>maestae</span> <span class='ocrx_word' id='word_1_235' title='bbox 302 3414 459 3488; x_wconf 91' lang='lat' dir='ltr'>volucres,</span> <span class='ocrx_word' id='word_1_236' title='bbox 477 3410 625 3496; x_wconf 92' lang='lat' dir='ltr'>Orpheu,</span> <span class='ocrx_word' id='word_1_237' title='bbox 643 3423 675 3478; x_wconf 93' lang='lat' dir='ltr'>te</span> <span class='ocrx_word' id='word_1_238' title='bbox 692 3413 785 3478; x_wconf 88' lang='lat' dir='ltr'>turba</span> <span class='ocrx_word' id='word_1_239' title='bbox 801 3414 950 3491; x_wconf 88' lang='lat' dir='ltr'>ferarum,</span> 
     </span>
    </p>

    <p class='ocr_par' dir='ltr' id='par_1_20' title="bbox 96 3497 835 3581">
     <span class='ocr_line' id='line_1_39' title="bbox 96 3497 835 3581; baseline 0.005 -21"><span class='ocrx_word' id='word_1_240' title='bbox 96 3509 128 3561; x_wconf 91' lang='lat' dir='ltr'>te</span> <span class='ocrx_word' id='word_1_241' title='bbox 145 3497 241 3581; x_wconf 86' lang='lat' dir='ltr'>rigidi</span> <span class='ocrx_word' id='word_1_242' title='bbox 258 3497 374 3574; x_wconf 91' lang='lat' dir='ltr'>silices,</span> <span class='ocrx_word' id='word_1_243' title='bbox 392 3509 424 3561; x_wconf 92' lang='lat' dir='ltr'>te</span> <span class='ocrx_word' id='word_1_244' title='bbox 441 3497 580 3562; x_wconf 92' lang='lat' dir='ltr'>carmina</span> <span class='ocrx_word' id='word_1_245' title='bbox 597 3520 650 3563; x_wconf 91' lang='lat' dir='ltr'>sae</span> <span class='ocrx_word' id='word_1_246' title='bbox 673 3521 691 3563; x_wconf 93' lang='lat' dir='ltr'>e</span> <span class='ocrx_word' id='word_1_247' title='bbox 709 3510 835 3564; x_wconf 89' lang='lat' dir='ltr'>secutae</span> 
     </span>
    </p>

    <p class='ocr_par' dir='ltr' id='par_1_21' title="bbox 96 3582 849 3682">
     <span class='ocr_line' id='line_1_40' title="bbox 96 3582 849 3682; baseline 0.004 -36"><span class='ocrx_word' id='word_1_248' title='bbox 96 3583 252 3646; x_wconf 87' lang='lat' dir='ltr'>fleverunt</span> <span class='ocrx_word' id='word_1_249' title='bbox 269 3583 380 3658; x_wconf 84' lang='lat' dir='ltr'>silvae3</span> <span class='ocrx_word' id='word_1_250' title='bbox 398 3582 507 3682; x_wconf 89' lang='lat' dir='ltr'>positis</span> <span class='ocrx_word' id='word_1_251' title='bbox 524 3592 556 3647; x_wconf 88' lang='lat' dir='ltr'>te</span> <span class='ocrx_word' id='word_1_252' title='bbox 572 3582 643 3647; x_wconf 90' lang='lat' dir='ltr'>fron</span> <span class='ocrx_word' id='word_1_253' title='bbox 667 3584 737 3648; x_wconf 83' lang='lat' dir='ltr'>‘bus</span> <span class='ocrx_word' id='word_1_254' title='bbox 755 3586 849 3649; x_wconf 93' lang='lat' dir='ltr'>arbor</span> 
     </span>
    </p>

    <p class='ocr_par' dir='ltr' id='par_1_22' title="bbox 95 3667 1029 3841">
     <span class='ocr_line' id='line_1_41' title="bbox 95 3667 1029 3752; baseline 0.006 -22"><span class='ocrx_word' id='word_1_255' title='bbox 95 3673 188 3730; x_wconf 89' lang='lat' dir='ltr'>tonsa</span> <span class='ocrx_word' id='word_1_256' title='bbox 205 3689 327 3732; x_wconf 90' lang='lat' dir='ltr'>comam</span> <span class='ocrx_word' id='word_1_257' title='bbox 345 3669 433 3731; x_wconf 73' lang='lat' dir='ltr'>luunt.</span> <span class='ocrx_word' id='word_1_258' title='bbox 476 3667 612 3732; x_wconf 89' lang='lat' dir='ltr'>lacrimis</span> <span class='ocrx_word' id='word_1_259' title='bbox 629 3690 756 3752; x_wconf 94' lang='lat' dir='ltr'>quoque</span> <span class='ocrx_word' id='word_1_260' title='bbox 773 3670 903 3735; x_wconf 87' lang='lat' dir='ltr'>flumina</span> <span class='ocrx_word' id='word_1_261' title='bbox 920 3671 1029 3737; x_wconf 86' lang='lat' dir='ltr'>dicunt</span> 
     </span>
     <span class='ocr_line' id='line_1_42' title="bbox 97 3752 833 3841; baseline 0.004 -25"><span class='ocrx_word' id='word_1_262' title='bbox 97 3752 266 3816; x_wconf 90' lang='lat' dir='ltr'>increvisse</span> <span class='ocrx_word' id='word_1_263' title='bbox 285 3753 363 3829; x_wconf 85' lang='lat' dir='ltr'>suis3</span> <span class='ocrx_word' id='word_1_264' title='bbox 382 3753 580 3835; x_wconf 91' lang='lat' dir='ltr'>obscuraque</span> <span class='ocrx_word' id='word_1_265' title='bbox 597 3755 729 3820; x_wconf 89' lang='lat' dir='ltr'>carbasa</span> <span class='ocrx_word' id='word_1_266' title='bbox 746 3756 833 3841; x_wconf 89' lang='lat' dir='ltr'>pullo</span> 
     </span>
    </p>

    <p class='ocr_par' dir='ltr' id='par_1_23' title="bbox 95 3836 1161 4092">
     <span class='ocr_line' id='line_1_43' title="bbox 96 3836 929 3922; baseline 0.008 -22"><span class='ocrx_word' id='word_1_267' title='bbox 96 3836 215 3901; x_wconf 87' lang='lat' dir='ltr'>Naides</span> <span class='ocrx_word' id='word_1_268' title='bbox 234 3849 265 3901; x_wconf 91' lang='lat' dir='ltr'>et</span> <span class='ocrx_word' id='word_1_269' title='bbox 281 3837 428 3921; x_wconf 89' lang='lat' dir='ltr'>Dryades</span> <span class='ocrx_word' id='word_1_270' title='bbox 445 3860 617 3922; x_wconf 91' lang='lat' dir='ltr'>passosque</span> <span class='ocrx_word' id='word_1_271' title='bbox 634 3839 773 3904; x_wconf 91' lang='lat' dir='ltr'>habuere</span> <span class='ocrx_word' id='word_1_272' title='bbox 791 3863 828 3905; x_wconf 92' lang='lat' dir='ltr'>ca</span> <span class='ocrx_word' id='word_1_273' title='bbox 850 3841 929 3907; x_wconf 89' lang='lat' dir='ltr'>illos.</span> 
     </span>
     <span class='ocr_line' id='line_1_44' title="bbox 95 3863 1161 4017; baseline 0.018 -33"><span class='ocrx_word' id='word_1_274' title='bbox 95 3923 238 3986; x_wconf 88' lang='lat' dir='ltr'>membra</span> <span class='ocrx_word' id='word_1_275' title='bbox 255 3921 359 3988; x_wconf 88' lang='lat' dir='ltr'>iacent</span> <span class='ocrx_word' id='word_1_276' title='bbox 375 3923 499 3987; x_wconf 89' lang='lat' dir='ltr'>diversa</span> <span class='ocrx_word' id='word_1_277' title='bbox 515 3924 602 3988; x_wconf 88' lang='lat' dir='ltr'>locis.</span> <span class='ocrx_word' id='word_1_278' title='bbox 646 3937 754 4010; x_wconf 90' lang='lat' dir='ltr'>caput,</span> <span class='ocrx_word' id='word_1_279' title='bbox 772 3863 896 4004; x_wconf 60' lang='lat' dir='ltr'>Hebe,</span> <span class='ocrx_word' id='word_1_280' title='bbox 914 3929 1077 4017; x_wconf 86' lang='lat' dir='ltr'>lyramque</span> <span class='ocrx_word' id='word_1_281' title='bbox 1128 3954 1161 4003; x_wconf 81' lang='lat'>50</span> 
     </span>
     <span class='ocr_line' id='line_1_45' title="bbox 95 4007 907 4092; baseline 0.011 -22"><span class='ocrx_word' id='word_1_282' title='bbox 95 4007 228 4092; x_wconf 90' lang='lat' dir='ltr'>excipis:</span> <span class='ocrx_word' id='word_1_283' title='bbox 247 4018 292 4085; x_wconf 90' lang='lat' dir='ltr'>et,</span> <span class='ocrx_word' id='word_1_284' title='bbox 311 4007 438 4073; x_wconf 80' lang='lat' dir='ltr'>mirum!</span> <span class='ocrx_word' id='word_1_285' title='bbox 456 4009 561 4075; x_wconf 90' lang='lat' dir='ltr'>medio</span> <span class='ocrx_word' id='word_1_286' title='bbox 579 4009 654 4075; x_wconf 91' lang='lat' dir='ltr'>dum</span> <span class='ocrx_word' id='word_1_287' title='bbox 671 4010 788 4076; x_wconf 91' lang='lat' dir='ltr'>labitur</span> <span class='ocrx_word' id='word_1_288' title='bbox 805 4035 907 4092; x_wconf 91' lang='lat' dir='ltr'>amne,</span> 
     </span>
    </p>
   </div>
   <div class='ocr_carea' id='block_1_3' title="bbox 0 0 1292 4478">
    <p class='ocr_par' dir='ltr' id='par_1_24' title="bbox 0 0 1292 4478">
     <span class='ocr_line' id='line_1_46' title="bbox 0 0 1292 4478; baseline 0 0"><span class='ocrx_word' id='word_1_289' title='bbox 0 0 1292 4478; x_wconf 95' lang='lat' dir='ltr'> </span> 
     </span>
    </p>
   </div>
  </div>
 </body>
</html>
