2574 4478
224 251 591 324 METAMORPHOSEON
607 250 680 307 LIB.
699 250 763 310 XV.
782 250 925 306 arr-404.
1022 235 1085 302 263

64 379 92 444 si
109 401 173 463 qua
189 378 268 443 fides
285 378 380 442 rebus
399 388 503 441 tamen
523 388 570 440 est
588 375 734 439 addenda
750 373 901 458 probatis

64 487 169 529 nonne
186 463 289 540 vides,
308 482 527 545 quaecumque
545 481 634 525 mora
650 459 787 523 fluidove
805 458 909 522 calore

64 571 196 634 corpora
214 547 386 623 tabuerint,
405 548 437 610 in
455 568 554 631 parva
572 544 720 609 animalia
738 544 835 608 verti?
856 579 857 582 κ

64 634 75 698 i
93 655 231 717 quoque,
250 633 387 697 delectos
405 642 559 695 mactatos
577 631 676 694 obrue
694 640 814 693 tauros:
832 663 876 674 —-

65 719 191 803 cognita
207 741 257 783 res
275 739 336 780 usu
353 753 396 762 -
413 717 453 780 de
470 715 555 801 putri
572 716 692 779 viscere
709 714 827 799 passim

63 804 224 887 florilegae
241 813 413 866 nascuntur
431 824 521 885 apes,
540 823 621 884 quae
639 821 726 863 more
744 809 909 883 parentum

64 911 138 953 rura
154 888 262 952 colunt
279 887 428 971 operique
446 886 604 950 faventin
622 906 773 970 spemque
791 883 944 948 laborant.

63 994 191 1059 pressus
209 972 306 1035 humo
323 971 455 1036 bellator
472 993 572 1054 equus
591 970 751 1035 crabronis
769 969 857 1054 origo
876 980 933 1034 est.

65 1079 204 1122 concava
220 1057 330 1121 litoreo
350 1057 375 1120 si
393 1057 501 1120 demas
519 1055 667 1120 bracchia
684 1076 808 1131 cancro,

64 1154 168 1207 cetera
187 1163 346 1226 supponas
364 1153 480 1216 terrae,
499 1141 538 1206 de
556 1151 644 1224 parte
663 1140 786 1223 sepulta

64 1227 205 1312 scorpius
223 1227 320 1291 exibit
339 1227 503 1309 caudaque
520 1225 692 1288 minabitur
709 1247 800 1289 unca.

64 1333 210 1395 quaeque
228 1313 329 1376 solent
351 1311 437 1375 canis
455 1310 583 1374 frondes
601 1311 740 1373 intexere
758 1309 818 1373 filis

65 1409 205 1482 agrestes
223 1397 326 1461 tineae
344 1418 453 1459 —res
472 1396 638 1459 observata
656 1394 774 1458 colonis
791 1431 835 1440 -

64 1483 155 1547 ferali
172 1492 296 1545 mutant
314 1504 386 1545 cum
403 1480 561 1565 papilione
579 1480 724 1564 figuram.

65 1566 185 1632 semina
202 1567 295 1630 limus
313 1566 409 1630 habet
427 1566 542 1630 virides
560 1567 743 1650 generantia
760 1588 853 1629 ranas

65 1663 97 1716 et
113 1662 244 1737 generat
261 1662 388 1714 truncas
406 1651 555 1734 pedibus,
573 1673 648 1714 mox
666 1663 740 1735 apta
756 1652 894 1715 natando

64 1759 157 1800 crura
175 1736 243 1812 dat,
261 1749 360 1818 utque
378 1736 487 1800 eadem
507 1736 570 1799 sint
586 1735 688 1821 longis
707 1737 837 1800 saltibus
856 1748 941 1823 apta,

63 1821 219 1906 posterior
236 1832 363 1905 superat
380 1834 485 1905 partes
503 1843 650 1884 mensura
667 1822 796 1905 priores.

62 1929 123 1971 nec
142 1905 279 1981 catulus,
297 1917 389 1989 partu
408 1927 502 1988 quem
520 1906 656 1969 reddidit
672 1928 746 1970 ursa
763 1907 890 1982 recenti,

66 1991 121 2057 sed
139 1992 221 2055 male
239 1991 312 2054 viva
330 2012 401 2054 caro
420 2003 481 2055 est:
499 1991 668 2056 lambendo
686 2002 787 2055 mater
804 1993 836 2054 in
855 2002 941 2055 artus

64 2075 156 2160 fingit
174 2086 205 2139 et
222 2076 254 2138 in
272 2076 422 2151 formam,
441 2087 592 2159 quantam
610 2076 694 2161 capit
711 2077 794 2160 ipsa,
812 2077 943 2141 reducit.

63 2182 169 2224 nonne
186 2161 289 2235 vides,
308 2182 386 2243 quos
406 2183 477 2225 cera
494 2161 572 2245 tegit
590 2162 764 2245 sexangula
780 2162 864 2225 fetus

63 2244 289 2310 melliferarum
307 2246 428 2329 apium,
446 2245 514 2310 sine
531 2246 680 2309 membris
699 2267 829 2330 corpora
846 2247 933 2311 nasci

65 2343 97 2395 et
114 2351 263 2413 serosque
281 2332 376 2414 pedes
395 2351 543 2413 serasque
561 2353 721 2395 assumere
738 2333 877 2415 pennas?

63 2416 195 2479 Iunonis
214 2417 388 2491 volucrem,
407 2437 488 2499 quae
506 2415 608 2479 cauda
624 2415 728 2480 sidera
744 2427 859 2500 portat,

64 2500 321 2585 armigerumque
339 2500 423 2564 lovis
443 2498 733 2585 Cythereiadasque
751 2501 913 2566 columbas

65 2597 97 2650 et
113 2607 215 2669 genus
233 2607 326 2649 omne
344 2587 451 2649 avium
468 2585 580 2649 mediis
599 2607 616 2649 e
633 2586 777 2670 partibus
794 2586 854 2662 ovi,

64 2671 98 2734 ni
115 2670 209 2734 sciret
224 2670 306 2746 fieri,
324 2671 394 2752 quis
411 2670 499 2735 nasci
516 2692 609 2757 posse
626 2672 769 2755 putaret?

64 2766 138 2818 sunt
155 2755 224 2836 qui,
243 2776 315 2818 oum
334 2757 440 2819 clauso
457 2756 635 2840 putrefacta
652 2768 700 2820 est
716 2755 807 2841 spina
825 2759 978 2842 sepulcro,

64 2840 180 2903 mutari
198 2841 326 2904 credant
343 2841 496 2904 humanas
514 2864 617 2926 angue
636 2841 800 2905 medullas.

64 2925 144 2988 haee
162 2935 267 2989 tamen
285 2947 325 2988 ex
342 2925 411 2989 aliis
428 2927 553 3009 generis
571 2926 742 3009 primordia
759 2926 892 3002 ducunt3

64 3033 129 3072 uua
148 3021 209 3085 est,
229 3031 311 3092 quae
329 3022 452 3094 reparet
470 3032 566 3093 seque
584 3011 654 3094 ipsa
671 3013 852 3089 reseminet‚
871 3013 951 3076 ales:

65 3093 191 3177 Assyrii
208 3094 362 3178 phoenica
380 3107 503 3160 vocant.
547 3118 606 3160 nec
622 3097 715 3180 fruge
733 3118 837 3180 neque
855 3098 970 3174 herbis,

65 3179 122 3243 sed
139 3179 217 3242 turis
235 3180 370 3244 lacrimis
389 3191 421 3244 et
438 3202 513 3244 suco
531 3181 609 3245 vivit
627 3182 751 3245 amomi.

64 3264 144 3327 haee
161 3264 216 3327 ubi
234 3265 373 3347 quinque
391 3288 467 3329 suae
485 3267 654 3351 complevit
671 3269 797 3331 saecula
814 3267 908 3344 vitae,

64 3348 143 3411 ilicis
161 3348 194 3412 in
211 3350 306 3412 ramis
324 3351 516 3415 tremulaeve
534 3352 696 3416 cacumine
714 3354 838 3437 palmae

63 3432 225 3517 unguibus
244 3446 275 3499 et
291 3456 371 3519 puro
390 3435 499 3499 nidum
518 3435 578 3500 sibi
596 3438 748 3501 construit
765 3460 828 3502 ore.

64 3539 128 3601 quo
147 3518 240 3582 simul
258 3541 296 3582 ae
313 3520 413 3584 casias
432 3533 463 3585 et
480 3522 570 3585 nardi
587 3522 665 3586 lenis
684 3522 795 3587 aristas

63 3625 241 3686 quassaque
260 3627 332 3668 cum
350 3605 438 3668 fulva
455 3607 626 3670 substravit
642 3608 787 3672 cinnama
804 3631 920 3687 murra,

63 3711 98 3753 se
116 3710 212 3771 super
228 3688 360 3773 imponit
377 3690 508 3773 finitque
525 3692 557 3755 in
574 3693 722 3757 odoribus
741 3716 864 3758 aevum.

62 3772 136 3837 iude
154 3773 273 3850 ferunt,
292 3775 421 3840 totidem
440 3775 494 3859 qui
512 3777 616 3842 vivere
635 3779 748 3842 debeat
766 3802 874 3857 annos,

62 3879 193 3942 corpore
212 3859 251 3922 de
269 3860 370 3943 patrio
387 3884 521 3946 parvum
538 3862 693 3946 phoenica
710 3865 840 3929 renasci.

62 3965 134 4006 cum
154 3943 240 4007 dedit
257 3944 331 4008 huie
348 3958 433 4012 aetas
451 3946 548 4024 vires,
567 3949 716 4031 onerique
733 3949 862 4016 ferendo
880 3963 937 4030 est,

60 4027 254 4114 ponderibus
272 4029 338 4095 nidi
355 4054 459 4099 ramos
475 4033 560 4099 lavat
577 4033 697 4101 arboris
715 4035 797 4103 altae
