2574 4478
228 256 596 316 METAMORPHOSEON
613 257 685 313 LIB.
704 259 768 316 VII.
788 259 932 316 438-525.
1028 246 1088 312 117

65 393 170 451 ‘arma
187 386 278 450 iuves
296 405 350 447 oro
367 405 425 469 pro
443 392 539 468 gnato
557 394 697 468 sumpta,
716 382 851 468 piaeque

63 496 139 621 pars
157 472 200 535 sis
219 468 362 534 militiae:
380 468 502 533 tumulo
520 469 636 533 solacia
652 468 769 553 posco'

87 558 141 622 uic
159 557 340 642 Asopiades
358 554 454 640 ‘petis
470 553 572 617 irrita'
590 554 669 617 dixit
687 559 732 618 ‘et
748 552 821 618 urbi

64 664 130 706 non
148 641 296 706 facienda
312 662 411 704 meae.
454 660 557 721 neque
575 639 659 703 enim
677 638 871 703 coniunctior
887 639 953 704 ulla
1105 659 1156 709 485

66 726 254 812 Cecropidis
273 727 332 789 hac
349 735 397 789 eat
413 725 520 788 tellus:
540 748 578 788 ea
594 724 723 789 foedera
739 724 851 788 nobis!

64 812 165 876 tristis
183 812 250 876 abit
268 809 488 892 ‘stabunt'que
506 810 577 873 ‘tibi
595 820 651 873 tua
668 809 796 874 foedera
813 808 946 894 magno'

65 898 161 973 dixit,
181 911 213 961 et
229 897 338 961 utilius
355 895 472 960 bellum
491 907 582 979 putat
599 918 668 959 esse
685 896 807 972 minari,

64 1005 163 1066 quam
180 1005 291 1067 gerere
308 993 403 1064 atque
421 1003 494 1044 suas
511 981 555 1044 ibi
572 1003 833 1065 praeconsumere
851 981 943 1046 vires.
1106 1003 1155 1052 48⁰

110 1065 231 1132 Classis
250 1067 291 1130 ab
309 1065 463 1150 Oenopiis
481 1067 653 1130 etiamnum
671 1065 787 1151 Lyctia
804 1066 902 1130 muris
997 1066 1100 1147 Aeaqus
1113 1076 1135 1118 εἰ

64 1153 203 1238 spectari
221 1163 357 1237 poterat,
376 1173 449 1215 cum
467 1152 561 1236 pleno
579 1151 702 1216 concita
720 1152 790 1215 velo
972 1134 1155 1202 Myrmzdones.

63 1239 176 1302 Attica
192 1237 308 1322 puppis
327 1237 417 1301 adest
433 1237 467 1299 in
484 1247 655 1320 portusque
673 1236 767 1300 intrat
785 1237 913 1313 amicos,

64 1346 148 1406 quae
167 1320 348 1408 Cephalum
365 1322 548 1406 patriaeque
566 1322 659 1385 simul
678 1323 826 1386 mandata
843 1323 976 1389 ferebat.

63 1408 229 1473 Aeacidae
246 1408 342 1492 longo
359 1407 490 1471 iuvenes
508 1416 579 1492 post
596 1417 737 1491 tempore
756 1408 859 1471 visum

64 1516 225 1578 agnovere
242 1504 349 1556 tamen
367 1489 547 1576 Cephalum
564 1493 753 1575 dextrasque
772 1493 887 1558 dedere
1105 1514 1155 1564 495

62 1580 160 1661 inque
178 1578 277 1664 patris
295 1580 413 1642 duxere
432 1578 570 1641 domum.
615 1578 794 1662 spectabilis
813 1579 905 1644 heros

64 1676 95 1729 et
113 1664 231 1729 veteris
248 1664 385 1728 retinens
404 1663 576 1727 etiamnum
592 1662 727 1748 pignora
744 1664 865 1730 formae

63 1749 253 1835 ingreditur,
271 1769 457 1830 ramumque
475 1759 585 1812 teneus
602 1749 764 1834 popularis
782 1750 883 1814 olivae

63 1859 82 1900 a
101 1837 214 1900 dextra
231 1836 384 1945 laevaque
402 1833 482 1897 duos
501 1844 603 1899 aetate
620 1835 756 1900 minores

62 1922 164 1984 maior
181 1919 293 1996 habet,
312 1917 428 2003 Clyton
448 1929 479 1983 et
495 1920 612 1997 Buten,
629 1919 776 1985 Pallante
795 1932 924 1986 creatos.

87 2017 236 2088 ostquam
255 2026 442 2090 congressus
459 2004 551 2089 primi
570 2028 628 2069 sua
645 2005 743 2069 verba
761 2007 907 2081 tulerunt,

63 2029 262 2176 Cecropidae
281 2087 443 2175 Cephalus
460 2090 584 2175 peragit
601 2092 750 2155 mandata
767 2102 920 2176 rogatque

64 2176 232 2251 auxilium,
251 2175 427 2257 foedusque
444 2175 541 2240 refert
558 2187 590 2239 et
606 2176 676 2240 iura
692 2189 869 2261 parentum,

63 2261 294 2347 imperiumque
312 2261 376 2345 peti
394 2261 489 2324 totius
509 2260 670 2325 Achaidos
688 2262 785 2325 addit.

64 2347 109 2411 sic
126 2346 184 2411 ubi
201 2347 383 2410 mandatam
402 2346 482 2410 iuvit
499 2346 648 2410 facundia
666 2369 805 2423 causam,

63 2433 208 2506 Aeacus,
226 2433 259 2494 in
277 2432 390 2516 capulo
408 2431 523 2514 sceptri
539 2432 658 2497 nitente
676 2432 811 2508 sinistra,

63 2525 117 2582 ‘ne
135 2518 234 2602 petite
253 2518 419 2592 auxilium,
437 2517 494 2580 sed
512 2517 646 2592 sumite,’
665 2517 743 2581 dixit
761 2518 933 2584 ‘Athenaet

63 2626 122 2668 nec
141 2602 238 2666 dubie
256 2603 352 2676 vires,
371 2624 450 2686 quas
468 2602 548 2666 haec
565 2602 662 2667 habet
678 2603 795 2679 insula,
814 2615 933 2669 vestras

63 2688 185 2764 ducite;
204 2698 236 2752 et
253 2688 359 2751 omnia
376 2709 458 2770 quae
475 2709 581 2751 rerum
600 2698 699 2752 status
717 2687 777 2753 iste
794 2712 946 2754 mearum.

62 2775 179 2839 robora
196 2794 259 2838 non
278 2774 406 2837 desunt:
425 2784 553 2857 superat
569 2774 648 2837 mihi
664 2773 754 2839 miles
773 2785 803 2839 et
820 2774 936 2865 hostes.

62 2859 168 2944 gratia
185 2859 248 2935 dis,
267 2858 344 2923 felix
362 2868 394 2922 et
410 2857 625 2923 inexcusabile
642 2860 787 2945 tempus!

63 2945 177 3008 ‘immo
195 2943 240 3008 ita
257 2943 316 3020 sit,’
337 2941 498 3028 Cephalus
518 2950 653 3008 ‘crescat
671 2955 726 3009 tua
743 2945 879 3021 civibus,
898 2958 983 3032 opto,

61 3029 154 3094 urbs'
174 3028 227 3093 ait.
272 3029 457 3093 ‘adveniens
475 3029 623 3112 equidem
640 3031 735 3093 modo
751 3031 869 3116 gaudia
887 3033 966 3118 cepi,

63 3136 137 3180 cum
155 3126 221 3178 tam
238 3114 371 3199 pulchra
388 3113 479 3189 mihi,
497 3124 562 3178 tam
580 3137 639 3200 par
656 3126 759 3180 aetate
777 3116 924 3182 iuventus

62 3201 159 3265 obvia
175 3199 336 3284 processit.
381 3199 497 3263 multos
514 3210 622 3264 tamen
638 3200 712 3266 inde
729 3202 864 3285 requiro,

61 3308 143 3370 quos
162 3285 323 3369 quondam
340 3285 406 3348 vidi
424 3298 527 3349 vestra
544 3285 632 3372 prius
649 3287 728 3351 urbe
745 3287 911 3372 receptus?

60 3372 192 3435 Aeacus
210 3370 379 3455 ingemuit,
399 3370 542 3453 tristique
559 3371 604 3434 ita
620 3393 698 3436 voce
715 3373 856 3438 locutus:

61 3456 182 3522 ‘flebile
200 3455 388 3540 principium
406 3455 517 3520 melior
533 3456 661 3520 fortuna
677 3469 786 3522 secuta
803 3470 860 3523 est.

60 3543 145 3606 hanc
162 3541 283 3605 utinam
302 3561 427 3625 possem
445 3540 535 3605 vobis
553 3563 727 3608 memorare
746 3544 813 3608 sine
830 3545 898 3609 illol

60 3628 172 3692 ordine
189 3648 274 3690 nunc
291 3637 442 3725 repetam.
485 3648 549 3690 neu
566 3628 663 3712 longa
680 3628 815 3715 ambage
832 3653 936 3693 morer
954 3653 1024 3694 vos:
1102 3652 1153 3702 520
1269 3702 1272 3707 ⁴

60 3735 134 3777 ossa
151 3712 293 3794 cinisque
310 3722 429 3788 lacent,
447 3712 579 3776 memori
597 3734 676 3795 quos
695 3725 800 3778 mente
817 3716 960 3798 requiris.

58 3809 92 3863 et
109 3808 208 3880 quota
225 3819 299 3880 pars
315 3797 362 3860 illi
379 3819 483 3862 rerum
501 3797 623 3881 periere
641 3799 798 3863 mearuml

58 3884 130 3947 dira
146 3883 217 3946 lues
234 3882 281 3944 ira
298 3883 422 3966 populis
440 3882 573 3946 Iunonis
591 3882 719 3966 iniquae

54 3967 185 4042 incidit,
204 3988 318 4032 exosae
336 3967 436 4032 dictas
455 3990 474 4031 a
492 3968 611 4052 paelice
629 3980 738 4034 terras.

54 4055 135 4124 dum
154 4053 259 4121 visum
275 4053 407 4123 mortale
424 4055 558 4133 malum,
576 4064 746 4144 tantaeque
763 4055 882 4124 latebat
