2574 4478
176 224 218 292 70
365 276 370 286 ,
505 236 539 294 6.
559 238 682 296 cumr
699 235 861 296 ursonis

93 438 96 452 ι
175 376 223 428 666
239 361 360 449 gelidas
377 362 508 441 Arctos,
526 374 573 427 ter
591 360 707 428 Cancri
723 362 870 427 bracchia
887 361 980 440 vidit3

108 469 157 520 665
175 473 269 534 saepe
288 449 347 514 sub
365 471 509 523 occasus,
529 471 623 534 saepe
641 459 688 513 est
706 448 829 512 ablatus
846 448 879 511 in
898 460 995 513 ortus.

174 536 300 618 iamque
318 534 450 599 cadente
467 534 532 611 die,
551 534 668 599 veritus
686 557 719 598 se
737 533 863 598 credere
880 534 976 611 nocti,

175 621 312 686 constitit
331 620 503 705 Hesperie,
521 620 626 705 regnis
645 619 798 695 Atlantis,
816 619 849 682 in
866 619 942 683 orbe

175 707 386 791 exiguamque
404 716 483 790 petrt
499 706 654 789 requiem,
673 705 748 768 dum
766 703 898 768 Lucifer
914 705 1006 789 ignes

175 802 284 857 evocet
301 791 461 868 Aurorae,
480 813 591 855 currus
608 792 735 855 Aurora
752 789 891 854 diurnos.

107 896 158 948 666
174 877 226 942 hic
242 876 407 940 hominum
424 876 544 946 cunctis
569 876 690 961 ingenti
708 897 839 961 corpore
856 884 1019 960 praestans
1089 891 1189 961 (Anas.)

174 962 386 1048 Iapetionides
403 962 497 1026 Atlas
514 962 584 1026 fuit.
628 961 739 1026 ultima
756 962 848 1025 tellus

175 1071 251 1134 rege
268 1047 328 1113 sub
346 1046 407 1111 hoc
424 1058 456 1112 et
472 1058 588 1132 pontus
606 1057 687 1124 erat3
705 1046 761 1131 qui
780 1045 863 1112 Solis
881 1046 1002 1111 anhelis

174 1155 312 1217 aequora
328 1132 436 1197 subdit
453 1133 542 1215 equis
560 1142 591 1196 et
607 1132 709 1197 fessos
726 1131 842 1218 excipit
860 1155 945 1196 axes.

172 1217 259 1284 mille
275 1241 389 1304 greges
407 1217 454 1282 illi
470 1218 663 1300 totidemque
681 1227 822 1282 armenta
838 1239 896 1302 per
912 1217 1027 1282 herbas

106 1325 156 1376 665
174 1304 333 1380 errabant,
352 1314 384 1368 et
399 1304 532 1367 humum
549 1303 664 1367 vicinia
680 1304 767 1367 nulla
784 1302 980 1388 premebant.

174 1390 324 1455 arboreae
342 1388 470 1454 frondes
488 1411 565 1453 auro
583 1389 725 1453 radiante
742 1389 878 1453 nitentes

174 1498 214 1541 ex
231 1497 308 1539 auro
325 1497 444 1549 ramos,
463 1497 503 1540 ex
520 1496 597 1538 auro
615 1497 710 1559 poma
727 1474 886 1560 tegebant.

173 1559 323 1646 ‘hospes’
341 1561 386 1625 ait
401 1559 540 1627 Perseus
557 1559 612 1636 illi,
631 1566 701 1625 ‘seu
719 1560 820 1645 gloria
837 1558 938 1644 tangit

172 1658 205 1712 te
222 1645 347 1732 generis
364 1646 486 1731 magni:
504 1646 629 1732 generis
646 1645 724 1710 mihi
741 1645 885 1730 Iuppiter
902 1655 1026 1723 auctor;

106 1748 156 1800 646
174 1732 240 1797 sive
258 1755 292 1797 es
309 1731 438 1795 mirator
454 1754 574 1796 rerum:
590 1731 745 1796 mirabere
762 1741 895 1795 nostras.

172 1817 343 1902 hospitium
360 1817 563 1900 requiemque
581 1816 675 1903 peto.'
718 1838 840 1881 memor
856 1816 908 1880 ille
925 1826 1070 1884 vetustae

174 1903 266 1967 sortis
284 1913 350 1967 erat
367 1901 512 1984 (Themis
530 1903 611 1967 hanc
629 1901 759 1968 dederat
774 1901 930 1966 Parnasia
947 1903 1095 1989 sortem):

174 1994 313 2073 ‘tempus
318 2036 328 2065 ,
345 1988 437 2065 Atta,
455 1988 574 2066 veniet,
592 1999 647 2052 tua
665 2008 728 2071 quo
746 1987 932 2073 spoliabitur
949 2009 1026 2052 auro

173 2073 277 2151 arbor,
295 2084 326 2138 et
343 2073 428 2137 hunc
445 2074 581 2159 praedae
598 2074 726 2138 titulum
743 2073 820 2139 Iove
837 2083 930 2138 natus
948 2072 1099 2140 habebit!

105 2178 154 2228 645
172 2159 205 2224 id
222 2170 366 2225 metuens
383 2160 491 2224 solidis
508 2161 650 2245 pomaria
667 2160 823 2224 clauserat
839 2159 932 2223 Atlas

172 2244 337 2311 moenibus
355 2255 386 2310 et
404 2256 494 2310 vasto
513 2246 641 2310 dederat
660 2245 814 2310 servanda
832 2243 970 2322 draconi,

172 2332 362 2415 arcebatque
380 2330 445 2395 suis
463 2342 609 2397 externos
627 2330 743 2396 finibus
761 2352 881 2394 omnes.

171 2417 246 2481 huic
263 2437 390 2501 quoque
409 2417 504 2482 ‘vade
520 2417 647 2503 procul,
665 2439 705 2481 ne
723 2417 817 2502 longe
834 2414 936 2500 gloria
952 2439 1070 2494 rerum,

172 2524 268 2585 quam
284 2501 445 2579 mentiris‚'
463 2503 632 2587 ait‚‘longe
650 2502 707 2566 tibi
724 2501 867 2587 Iuppiter
884 2500 986 2577 absit,’

103 2607 153 2658 656
172 2588 299 2672 vimque
316 2587 409 2652 minis
427 2588 516 2652 addit
532 2588 742 2670 manibusque
760 2586 916 2672 expellere
934 2597 1067 2672 temptat

171 2684 371 2738 cunctantem
390 2684 421 2738 et
439 2673 570 2759 placidis
588 2673 771 2738 miscentem
789 2671 883 2736 fortia
900 2671 1003 2735 dictis.

170 2759 290 2823 viribus
307 2758 437 2824 inferior
452 2795 496 2805 -
513 2758 584 2842 quis
602 2758 685 2822 enim
703 2781 761 2843 par
781 2769 864 2823 esset
880 2757 1021 2822 Atlantis

169 2844 309 2909 viribus?
325 2880 369 2891 -
387 2849 432 2909 ‘at
449 2844 600 2928 quoniam
617 2843 707 2929 parvi
724 2842 783 2908 tibi
799 2843 902 2928 gratia
918 2852 1027 2908 nostra
1044 2855 1103 2922 est,

170 2929 278 3015 accipe
295 2928 438 2994 munusl’
457 2929 515 2994 ait:
533 2929 686 3012 laevaque
703 2952 723 2994 a
739 2940 829 3015 parte
847 2927 1004 2994 Medusae

103 3033 152 3083 655
169 3016 238 3100 ipse
256 3027 339 3080 retro
358 3037 467 3080 versus
486 3015 662 3099 squalentia
679 3014 810 3100 protulit
827 3035 891 3078 ora.

169 3110 307 3183 quantus
326 3111 407 3178 erat,
424 3124 515 3167 mous
534 3100 637 3166 factus
658 3101 757 3165 Atlas.
792 3123 868 3165 nam
884 3098 984 3164 barba
1001 3122 1174 3188 comaeque

169 3186 202 3250 in
220 3186 315 3250 silvas
333 3186 466 3264 abeunt,
483 3187 559 3271 iuga
576 3196 650 3251 sunt
667 3185 831 3269 umerique
849 3207 1042 3268 manusque;

169 3272 255 3354 quod
273 3283 368 3372 caput
385 3282 457 3337 ante
475 3271 549 3349 fuit,
568 3294 691 3337 summo
709 3282 757 3337 est
773 3271 807 3335 in
825 3282 932 3336 monte
949 3293 1120 3352 cacumen3

169 3379 241 3421 ossa
258 3357 337 3442 laprs
355 3356 444 3421 fiunt.
488 3369 557 3422 tum
573 3369 679 3444 partes
697 3367 808 3422 auctus
826 3357 859 3421 in
876 3378 986 3421 omnes

102 3460 152 3510 666
170 3442 269 3507 crevit
285 3442 316 3505 in
336 3443 525 3507 immensum
542 3479 586 3490 -
603 3444 662 3519 sic,
681 3443 728 3519 di,
747 3442 959 3507 statuistis-
977 3452 1009 3508 et
1026 3464 1123 3511 omne

170 3549 242 3592 cum
260 3536 307 3591 tot
324 3528 481 3592 sideribus
499 3528 622 3593 caelum
639 3528 795 3612 requievit
811 3528 844 3591 in
862 3528 926 3591 illo.

213 3610 380 3678 Clauserat
397 3613 596 3699 Hippotades
614 3625 740 3678 aeterno
759 3636 884 3678 carcere
901 3625 1023 3691 ventos,
1077 3614 1187 3680 (Andro

169 3698 409 3782 admonitorque
428 3721 561 3784 operum
578 3699 665 3764 caelo
683 3699 874 3764 clarissimus
891 3698 954 3762 alto
1088 3684 1179 3752 mm)

168 3783 302 3849 Lucifer
319 3796 406 3848 ortus
425 3795 500 3849 erat.
544 3785 655 3869 pennis
672 3785 751 3870 ligat
767 3784 820 3850 ille
837 3783 1007 3870 resumptis

102 3889 150 3938 665
170 3880 259 3954 parte
277 3869 317 3933 ab
335 3881 468 3953 utraque
486 3869 583 3956 pedes
601 3870 726 3953 teloque
744 3870 919 3955 accingitur
935 3892 1019 3936 unco

169 3970 201 4020 et
218 3955 373 4037 liquidum
390 3955 484 4020 motis
502 3955 653 4019 talaribus
671 3961 744 4020 6666
761 3956 861 4020 findit.

168 4040 317 4129 gentibus
335 4041 507 4106 innumeris
526 4040 707 4127 circumque
724 4040 868 4127 infraque
886 4041 1004 4109 relictis
