2574 4478
213 201 579 261 METAMORPHOSEON
595 203 667 258 LIB.
686 202 767 259 XIII.
785 203 929 260 tut-558.
1019 187 1082 259 225

63 327 194 395 inferias
211 328 292 392 hosti
309 327 428 414 peperi.
471 349 534 410 quo
552 327 654 393 ferrea
671 327 773 393 resto?
1098 342 1148 393 515

63 415 182 500 quidve
200 415 322 480 moror?
339 434 403 498 quo
420 436 471 478 me
488 435 609 490 servas,
629 435 747 477 annosa
764 413 928 477 senectus?

63 521 138 583 quo,
156 500 189 564 di
206 499 363 576 crudeles,
381 499 441 564 nisi
459 520 522 582 quo
539 519 623 564 nova
639 498 751 563 funera
769 519 906 573 cernam,

63 585 208 652 vivacem
225 585 358 651 differtis
376 585 490 650 anum?
506 585 577 668 quis
617 605 686 649 osse
704 593 829 669 putaret

63 670 190 736 felicem
206 671 371 736 Priamum
388 681 459 756 post
477 669 580 734 diruta
627 692 756 755 ergama
774 667 857 733 dici?

63 755 141 822 felix
158 766 257 822 morte
275 779 334 822 sua
350 768 411 833 est,
427 777 488 821 neo
504 767 550 831 te,
567 778 640 819 mea
656 765 746 831 nata,
763 765 960 839 peremptam

63 841 190 928 aspicit,
209 852 240 908 et
257 842 354 907 vitam
372 841 487 928 pariter
502 861 700 926 regnumque
716 839 852 922 reliquit.

63 938 110 1003 at,
125 938 216 1076 puto,
234 928 397 994 funeribus
416 927 579 1004 dotabere,
596 927 685 1011 regia
701 925 802 1010 virgo,

63 1033 124 1078 con
147 1023 279 1097 eturque
297 1025 386 1077 tuum
403 1011 613 1076 monumentis
632 1032 745 1096 corpus
763 1009 865 1074 avitis.

64 1121 128 1163 non
145 1096 224 1163 haec
243 1106 290 1160 est
306 1097 432 1160 fortuna
449 1097 570 1163 domus.
630 1096 688 1160 tibi
704 1117 836 1160 munera
853 1095 962 1161 matris

63 1180 248 1284 contingent
264 1183 357 1248 fletus
374 1182 621 1268 peregrinaeque
637 1181 769 1246 haustus
786 1180 932 1246 harenae.

63 1289 170 1333 omma
186 1267 388 1354 perdidimus.
432 1277 589 1353 superest,
607 1287 664 1332 cur
680 1266 787 1332 vivere
803 1277 928 1351 tempus

62 1352 96 1417 in
113 1352 210 1419 breve
227 1353 412 1430 sustineam,
430 1353 533 1439 proles
550 1351 729 1439 gratissima
745 1353 848 1428 matri,

63 1460 148 1502 nunc
166 1439 265 1513 solus,
284 1439 443 1522 quondam
461 1438 609 1503 minimus
627 1438 668 1504 de
685 1437 781 1523 stirpe
798 1436 890 1513 virili,

63 1524 120 1589 has
139 1524 232 1589 datus
248 1525 381 1588 Ismario
398 1524 466 1609 regi
482 1524 662 1609 Polydorus
678 1522 712 1587 in
729 1544 810 1589 oras.

64 1609 141 1692 quid
158 1631 264 1674 moror
279 1609 399 1675 interea
416 1609 555 1675 crudelia
572 1610 704 1675 vulnera
719 1609 857 1694 lymphis

63 1695 206 1770 abluere,
224 1707 256 1760 et
272 1717 396 1780 sparsos
413 1694 526 1760 immiti
543 1696 696 1781 sanguine
713 1694 852 1759 vultusl’

63 1778 143 1845 dixit
159 1791 192 1846 et
209 1781 251 1846 ad
266 1782 340 1846 litus
357 1803 453 1866 passu
469 1781 620 1866 processit
637 1779 721 1855 anili,

62 1866 204 1931 albentes
221 1867 359 1932 lacerata
376 1888 492 1932 comas.
536 1873 545 1903 ‘
551 1866 638 1943 date,
656 1865 812 1942 Troades,
830 1864 957 1931 urnam’

63 1950 186 2017 dixerat
202 1951 325 2028 infelix,
343 1953 477 2035 liquidas
495 1951 635 2017 hauriret
651 1962 686 2016 ut
704 1951 819 2016 undas:

63 2037 174 2123 aspicit
192 2037 327 2102 eiectum
343 2037 495 2122 Polydori
512 2037 545 2102 in
561 2037 653 2102 litore
671 2057 784 2121 corpus

62 2122 210 2207 factaque
227 2122 381 2188 Threiciis
397 2123 538 2209 ingentia
555 2123 687 2188 vulnera
703 2120 783 2187 telis.

62 2207 203 2273 Troades
221 2209 407 2273 exclamant.
446 2207 603 2273 obmutuit
619 2207 674 2272 illa
691 2208 809 2283 dolore,

62 2305 93 2359 et
110 2294 229 2380 pariter
245 2316 339 2359 voces
356 2293 563 2378 lacrimasque
580 2293 731 2358 introrsus
750 2292 875 2358 obortas

62 2378 193 2445 devorat
208 2379 277 2465 ipse
295 2380 393 2444 dolor.
436 2380 579 2463 duroque
597 2378 754 2443 simillima
771 2400 848 2443 saxo

62 2475 164 2550 torpet
182 2476 214 2530 et
231 2465 364 2530 adversa
380 2465 450 2551 figit
466 2465 561 2530 modo
578 2463 699 2530 lumina
715 2475 808 2540 terra,

60 2550 220 2616 interdum
238 2560 343 2615 torvos
361 2551 496 2615 sustollit
514 2551 555 2615 ad
572 2549 701 2616 aethera
716 2550 833 2626 vultus,

60 2657 146 2700 nunc
162 2635 255 2720 positi
273 2646 393 2720 spectat
411 2636 547 2712 vultum,
565 2657 650 2701 nunc
667 2635 812 2711 vulnera,
830 2635 910 2700 nati:

60 2722 192 2786 vulnera
208 2721 377 2807 praecipue
382 2744 392 2798 ;
410 2742 508 2804 seque
526 2732 627 2786 armat
645 2731 677 2786 et
693 2720 819 2785 instruit
835 2720 892 2786 ira.

61 2828 126 2890 qua
143 2806 236 2870 simul
254 2805 384 2883 exarsit,
402 2817 564 2890 tamquam
581 2807 692 2892 regina
708 2815 859 2882 maneret,

59 2891 170 2957 ulcisci
188 2891 297 2956 statuit
313 2912 496 2977 poenaeque
513 2892 546 2956 in
563 2891 701 2977 imagine
718 2901 785 2956 tota
802 2903 859 2956 est
1098 2911 1147 2962 545

58 2988 159 3061 utque
176 2977 252 3042 furit
270 2978 373 3041 catulo
390 2977 525 3043 lactente
543 2977 654 3042 orbata
670 2977 791 3054 leaena,

58 3063 214 3148 signaque
232 3076 325 3128 nacta
341 3062 459 3146 pedum
477 3063 627 3147 sequitur,
646 3084 740 3147 quem
757 3084 821 3126 non
838 3061 934 3138 videt,
952 3062 1087 3128 hostem:

58 3148 105 3213 sic
123 3147 273 3223 Hecuba,
290 3158 461 3247 postquam
478 3170 552 3212 cum
568 3147 656 3212 luctu
673 3147 799 3212 miscuit
815 3147 904 3224 iram,

57 3255 123 3298 non
141 3232 238 3297 oblita
255 3255 445 3310 ammorum,
463 3254 618 3298 annorum
635 3232 733 3298 oblita
751 3255 889 3309 suorum,

57 3317 147 3384 vadit
164 3318 205 3382 ad
223 3318 374 3383 artificem
391 3319 477 3385 dirae
494 3319 715 3404 Polymestore
732 3317 847 3393 caedis,
1098 3338 1148 3390 550
1259 3380 1270 3415 ἱ.

57 3403 314 3487 colloquiumque
331 3404 419 3489 petit.
462 3428 538 3469 nam
555 3427 589 3470 se
607 3415 780 3469 monstrare
798 3403 941 3467 relictum

57 3490 140 3555 velle
157 3489 258 3554 latens
274 3489 334 3566 illi,
352 3490 439 3572 quod
455 3500 530 3556 nato
547 3489 705 3566 redderet,
724 3512 845 3554 aurum.

57 3573 192 3641 credidit
210 3571 383 3660 Odrysius,
402 3576 602 3660 praedaeque
621 3585 764 3641 assuetus
782 3596 889 3640 amore

55 3660 91 3726 in
110 3670 231 3725 secreta
248 3661 344 3727 venit.
388 3672 455 3724 tum
474 3661 590 3726 blando
609 3660 740 3725 callidus
758 3683 812 3725 ore

56 3745 147 3813 ‘tolle
163 3766 284 3822 moras,
302 3745 457 3823 Hecuba,’
477 3747 556 3811 dixit
574 3747 629 3810 ‘da
644 3769 777 3811 munera
794 3755 879 3810 nato.
1097 3764 1147 3816 tto

57 3854 152 3899 omne
169 3831 238 3896 fore
254 3831 338 3897 illius
355 3832 441 3916 quod
459 3833 530 3910 das,
549 3832 634 3916 quod
652 3843 683 3897 et
700 3842 773 3898 ante
790 3830 914 3909 dedisti,

80 3941 115 3984 er
132 3938 265 4003 superos
280 3917 369 3982 iuro’
414 3928 536 4003 spectat
553 3919 729 3983 truculenta
745 3918 926 4001 loquentem

55 3941 200 4086 falsaque
217 4002 387 4084 iurantem,
405 4003 590 4092 tumidaque
608 4015 772 4076 exaestuat
788 4004 845 4074 ira

107 4102 258 4156 Mitti-Il·
872 4102 907 4162 15
