2574 4478
258 299 625 358 METAMORPHOSEON
641 300 714 354 LIB.
732 298 796 355 XV.
814 297 958 355 493-580.
1055 282 1118 349 267

101 427 268 503 invidiam,
286 427 399 492 densas
418 425 531 489 obiecit
550 421 690 507 Cynthia
706 423 821 497 nubes;
895 496 897 505 Ι

101 526 200 598 utque
217 514 316 578 forem
335 522 421 576 tutus
438 530 626 595 possemque
642 508 771 591 impune
788 507 898 584 videri,

102 599 224 664 addidit
240 608 374 663 aetatem
392 619 450 660 nec
468 593 687 680 cognoscenda
703 593 829 676 reliquit

102 707 157 749 ora
173 684 250 747 mihi
256 709 265 760 ;
284 681 462 765 Cretenque
481 681 535 744 diu
553 678 708 743 dubitavit
725 677 903 742 habendam

102 769 239 834 traderet
256 792 296 831 an
314 768 429 832 Delon.
474 763 571 830 Creta
588 764 734 846 Deloque
751 763 865 827 relictis

101 854 153 918 hic
170 854 290 939 posuit,
307 874 485 934 nomenque
503 853 610 926 simul,
629 849 714 933 quod
731 848 831 933 possit
848 869 1000 930 equorum

102 939 316 1012 admonuisse,
334 938 422 1001 iubet
439 937 609 1021 deponere,
628 935 795 1017 “qui’'que
814 933 925 996 “fuisti

101 1023 327 1109 Hippolytus,’'
346 1022 425 1087 dixit
443 1030 551 1086 “nunc
569 1022 653 1085 idem
672 1019 801 1085 Virbius
820 1018 917 1083 est0.’'

101 1111 162 1173 hoc
180 1131 291 1173 nemus
308 1109 382 1172 inde
400 1108 478 1185 cole,
497 1108 537 1172 de
554 1108 666 1189 disque
683 1105 856 1168 minoribus
873 1126 956 1167 unus
1137 1124 1187 1173 545

101 1195 230 1258 numine
248 1193 308 1257 sub
326 1193 470 1257 dominae
487 1193 570 1257 lateo
588 1204 683 1274 atque
702 1212 869 1254 accenseor
884 1189 949 1252 illi'

144 1280 218 1343 Non
236 1291 341 1342 tamen
359 1278 495 1363 Egeriae
512 1279 616 1341 luctus
635 1277 736 1340 aliena
753 1276 858 1340 levare

102 1366 219 1428 damna
236 1365 354 1428 valent:
373 1363 551 1446 montisque
568 1362 674 1426 iacens
692 1360 850 1424 radicibus
866 1359 936 1422 imis

100 1450 231 1532 liquitur
247 1449 280 1511 in
297 1449 456 1523 lacrimas,
475 1448 575 1511 donec
592 1447 709 1532 pietate
727 1445 860 1510 dolentis

100 1545 187 1598 mota
205 1555 293 1597 soror
309 1533 433 1597 Phoebi
450 1533 590 1618 gelidum
608 1532 647 1596 de
665 1553 794 1616 corpore
813 1530 932 1594 fontem
1137 1551 1188 1601 555

100 1621 177 1685 fecit
194 1629 226 1682 et
243 1630 385 1683 aeternas
404 1630 490 1682 artus
508 1619 650 1682 tenuavit
666 1617 699 1679 in
716 1617 827 1679 undas.

143 1704 186 1767 Et
208 1704 363 1788 nymphas
381 1703 485 1788 tetigit
500 1726 583 1767 nova
600 1725 666 1779 res,
685 1714 717 1766 et
733 1703 899 1781 Amazone
916 1711 1009 1766 natus

99 1790 186 1855 haud
204 1789 294 1852 ahter
311 1790 445 1873 stupuit,
463 1811 559 1870 quam
577 1810 648 1851 cum
667 1787 850 1872 Tyrrhenus
869 1797 973 1850 arator
1096 1805 1187 1872 Taya,

98 1875 228 1940 fatalem
246 1874 393 1959 glaebam
410 1873 521 1938 mediis
539 1873 660 1957 aspexit
677 1873 711 1936 in
729 1872 811 1936 arvis

100 1971 213 2044 sponte
232 1981 289 2023 sua
306 1959 442 2042 primurn
460 1959 609 2041 nulloque
628 1958 768 2043 agitante
785 1956 915 2033 moveri,
1137 1979 1187 2028 555

100 2067 225 2109 sumere
243 2066 319 2107 mox
336 2043 471 2107 hominis
489 2055 652 2126 terraeque
671 2043 813 2107 amittere
830 2042 975 2119 formam,

99 2151 218 2211 oraque
235 2129 375 2193 venturis
393 2129 513 2214 aperire
532 2128 670 2193 recentia
686 2127 760 2191 fatis

99 2215 283 2299 (indigenae
302 2214 409 2279 dixero
426 2214 553 2298 Tagen,
572 2214 626 2296 qui
644 2214 764 2298 primus
782 2211 951 2276 Etruscam

99 2299 227 2363 edocuit
243 2311 371 2383 gentem
389 2321 480 2362 casus
498 2299 619 2383 aperire
636 2297 789 2381 futuros):
1138 2321 1187 2369 559

99 2396 175 2449 utve
192 2384 346 2448 Palatinis
364 2383 544 2449 haerentem
563 2385 695 2448 collibus
713 2384 787 2447 olim
1083 2384 1190 2436 Romuli

98 2492 173 2534 cum
190 2469 296 2532 subito
313 2469 392 2533 vidit
408 2468 608 2534 frondescere
626 2470 781 2534 Romulus
799 2467 931 2546 hastam,
1094 2453 1178 2505 taeta.

98 2575 181 2638 quae
198 2554 304 2618 radice
322 2576 418 2630 nova,
436 2577 498 2618 non
516 2554 599 2618 ferro
618 2555 722 2619 stabat
739 2555 860 2630 adacto,

99 2651 131 2703 et
147 2639 212 2702 iam
230 2660 292 2701 non
310 2639 423 2715 telum,
441 2640 497 2702 sed
514 2640 591 2704 lenti
609 2640 733 2703 viminis
752 2640 845 2703 arbor

98 2745 163 2788 non
182 2734 362 2807 expectatae
381 2724 477 2788 dabat
494 2724 721 2789 admirantibus
741 2725 881 2788 umbras:
1137 2746 1187 2794 564

98 2820 154 2872 aut
171 2831 229 2872 sua
246 2808 395 2873 fluminea
413 2832 485 2873 cum
503 2811 580 2873 vidit
599 2809 700 2895 Cipus
717 2811 751 2873 in
768 2812 855 2874 unda
1101 2826 1187 2894 capua

99 2915 227 2958 cornua.
272 2894 349 2957 vidit
367 2895 465 2970 enim,
484 2895 660 2978 falsamque
678 2897 710 2959 in
727 2895 866 2980 imagine
884 2896 1014 2959 credens

98 3001 168 3043 esse
185 2978 297 3054 fidem,
316 2979 422 3062 digitis
440 2979 481 3043 ad
498 2980 634 3044 frontem
652 3003 745 3065 saepe
762 2982 879 3056 relatis,

98 3085 182 3146 quae
199 3063 292 3139 vidit,
310 3063 422 3148 tetigit.
466 3086 524 3128 nec
542 3065 605 3128 iam
623 3088 680 3129 sua
697 3066 816 3130 lumina
835 3067 987 3130 damnans

97 3148 226 3221 restitit,
244 3158 280 3211 ut
297 3149 397 3212 victor
414 3149 532 3213 domito
550 3151 710 3214 remeabat
727 3151 767 3214 ab
786 3151 886 3226 hoste,

98 3234 139 3296 ad
157 3233 344 3315 caelumque
362 3234 470 3297 oculos
488 3245 518 3298 et
536 3236 647 3298 eodem
664 3235 813 3300 bracchia
830 3236 942 3300 tollens

97 3316 287 3400 ‘quidquid'
306 3319 350 3381 ait
368 3319 503 3403 ‘superi,
521 3331 661 3383 monstro
679 3321 875 3406 portenditur
890 3322 961 3396 isto,

97 3426 155 3467 seu
172 3403 292 3466 laetum
308 3413 370 3478 est,
389 3404 509 3488 patriae
525 3405 643 3468 laetum
661 3406 841 3490 populoque
861 3405 997 3487 Quirini,

97 3489 165 3551 sive
184 3487 307 3563 minax,
325 3488 403 3551 mihi
421 3488 481 3552 sit!
525 3490 680 3573 viridique
698 3513 715 3554 e
734 3491 871 3575 caespite
889 3491 989 3556 factas

96 3572 203 3657 placat
221 3571 358 3636 odoratis
376 3574 526 3638 herbosas
544 3575 670 3659 ignibus
688 3599 758 3639 aras

96 3657 235 3738 vinaque
254 3657 308 3720 dat
324 3659 441 3742 pateris
459 3671 728 3743 mactatarumque
745 3661 920 3737 bidentum,

95 3740 175 3824 quid
195 3740 254 3804 sibi
273 3742 464 3827 significent,
484 3745 671 3828 trepidantia
689 3747 823 3810 consulit
840 3759 922 3811 exta.

97 3847 181 3908 quae
200 3826 293 3889 simul
316 3829 437 3913 aspexit
455 3829 638 3914 Tyrrhenae
656 3831 758 3916 gentis
776 3831 945 3917 haruspex,

95 3933 215 3996 magna
233 3911 361 3994 quidem
378 3936 484 3977 rerum
501 3915 662 3980 molimina
680 3916 759 3981 vidit
775 3917 807 3981 in
825 3918 896 3993 illis,

94 4018 162 4059 non
179 3995 348 4060 manifesta
365 4008 480 4063 tamen.
525 4021 598 4063 cum
615 4024 689 4066 vero
708 4003 834 4067 sustulit
851 4025 922 4071 acre

94 4104 115 4145 a
131 4080 263 4168 pecudis
280 4080 367 4147 fibris
386 4084 427 4148 ad
445 4081 518 4171 Cipi
537 4107 655 4151 cornua
671 4089 789 4165 lumen,
