2574 4478
10 3645 12 3653 ·
70 3624 114 3663 den
127 3624 277 3671 Vorg'angorn
295 3622 341 3661 und
355 3622 527 3670 gleichzeitigen
539 3624 606 3661 rdini-

515 253 694 297 PRAEFA'I'IO.
1095 244 1148 292 VII

54 364 96 419 ita
112 364 204 418 dicam
221 362 339 434 sylloge,
356 378 522 433 quamquam
538 364 594 417 iam
613 362 748 419 libroVII
759 363 803 416 vel
815 368 878 433 post
889 359 1083 432 Thucydidem
1090 360 1147 414 Lu·

55 432 144 487 Ἠοῖαι
166 438 195 487 et
216 439 313 502 postea
330 433 416 487 multa
432 432 593 486 Alexandri·
615 432 729 486 cretium
750 432 904 502 Vergilium
925 431 1021 484 eximie
1047 430 1147 483 descri-

55 517 152 555 norum
168 502 290 555 carmina
305 501 346 553 ita
362 506 440 555 erant
452 501 593 570 disposita,
614 506 699 571 ptam,
712 500 756 554 vel
765 500 808 553 La
828 501 946 553 itharum
959 517 1021 553 cum
1031 497 1148 553 Centau·

56 570 211 625 curandum
224 569 420 623 eratmaiime.
439 569 519 633 Quod
532 586 594 624 eon·
614 571 651 622 ris
667 585 789 639 pugnam
808 520 879 622 iibro
896 569 953 622 XII
974 572 1053 622 tanta
1072 567 1100 620 vi
1121 572 1150 619 et

56 639 150 692 silium
162 655 213 709 per
224 655 254 691 se
264 637 456 691 difficillimum
465 638 540 692 Naso
562 654 596 692 ca
614 638 751 708 gravitate
778 643 918 691 narratam
944 642 975 690 ut
1007 653 1068 690 eum
1096 635 1148 688 Mi-

55 679 595 786 qrammilp.Xlldeseripei³indole
615 706 718 760 eiaeue
746 707 848 777 Anged
881 706 993 759 eemmie
1021 704 1150 775 equidem

55 776 179 844 adiutus,
201 774 360 828 feheissime
381 780 523 828 assecutus
544 780 595 842 est,
615 775 682 828 artis
710 775 839 844 operibus
868 790 1026 844 comparare
1051 773 1148 827 ausim.

57 843 186 898 artificiis
211 842 375 912 quibusdam
398 860 460 896 eam
483 843 514 895 in
537 859 595 896 rem
615 845 647 896 ln
660 844 796 896 narrando
808 844 881 896 enim
893 842 1034 911 Ovidium,
1050 847 1081 895 ut
1092 842 1150 894 Ho-

56 930 132 966 usus.
167 911 289 975 Quorum
300 928 384 964 unum
396 913 448 965 hoe
461 916 511 980 est,
524 913 596 981 quod
615 912 678 965 ratii
686 911 779 965 verbis
788 917 858 977 utar,
869 912 965 965 ‘omnis
975 911 1068 965 decuit
1077 911 1152 964 color

56 998 113 1035 non
134 980 227 1034 omnia
242 980 348 1050 pariter
364 980 475 1049 copiose
492 985 595 1046 narrat,
616 985 644 1034 et
656 985 744 1033 status
757 985 786 1033 et
796 980 857 1033 res’

56 1051 109 1103 sed
117 1048 192 1103 binis
201 1049 321 1102 ternisve
333 1048 502 1118 singulorum
514 1048 596 1102 libro·
649 1049 765 1103 Veteres
783 1049 818 1103 de
834 1048 1081 1119 Metamorphosesi
1096 1064 1151 1101 non

55 1136 119 1171 rum
130 1117 235 1171 fabulis
249 1117 407 1186 plenissime
417 1116 546 1171 exhibitis
555 1132 596 1169 re·
617 1116 674 1170 sine
686 1118 898 1186 reprehensione
910 1118 1079 1171 iudicabant.
1103 1116 1152 1170 Se·

57 1187 149 1256 liquos
173 1185 218 1238 his
241 1184 396 1238 immiscens
418 1186 464 1238 vel
487 1186 597 1239 brevius
616 1184 911 1252 necaQ.nat.11127,
925 1187 958 1238 12
971 1187 1022 1253 ι[11
1036 1185 1097 1254 264]
1116 1187 1153 1237 ait

56 1260 154 1309 narrat
169 1254 215 1307 vel
231 1254 315 1308 verbo
332 1254 521 1307 tantummodo
537 1259 597 1307 tan·
617 1256 661 1307 ille
670 1264 806 1323 poetarum
817 1255 1035 1323 ingeniosissimus
1044 1257 1152 1322 egressis,

57 1324 108 1395 git
144 1323 286 1390 Alterum,
314 1322 387 1390 quod
416 1322 543 1375 sublimia
571 1327 599 1375 et
617 1324 682 1374 siem
698 1325 764 1375 illud
780 1341 831 1391 pro
847 1325 1021 1391 incertitudine
1038 1323 1077 1375 rei
1091 1324 1154 1375 dicit

58 1393 164 1458 tenuia,
177 1392 253 1445 laeta
265 1396 294 1444 et
304 1391 403 1457 tristia,
416 1390 560 1444 notissima
571 1396 599 1443 et
619 1390 727 1459 112921,
743 1393 796 1443 nisi
811 1402 911 1445 tautum
927 1393 1047 1460 impetum
1058 1391 1156 1458 ingenii

58 1460 215 1528 recondita,
231 1476 276 1513 res
293 1466 387 1530 gestas
404 1464 432 1513 et
448 1460 598 1513 animorum
619 1470 641 1511 et
657 1462 782 1512 materiae
802 1463 838 1512 ud
856 1462 968 1541 puer-iles
987 1461 1097 1528 ineptias
1113 1476 1154 1511 re-

59 1535 152 1583 motus
165 1527 346 1597 descriptosa
366 1529 402 1580 tis
413 1528 486 1581 inter
495 1544 524 1581 sc
533 1527 598 1580 viei-
619 1530 745 1581 duxisset!
770 1527 883 1591 Quintil.
897 1528 939 1583 IV
951 1530 976 1596 i,
989 1529 1021 1581 ’11
1039 1528 1154 1581 ‘Ovidius

59 1598 114 1653 bus
126 1596 296 1667 coniungit4
353 1596 451 1649 citium
463 1601 512 1663 est,
526 1597 599 1664 quod
619 1598 738 1649 lasdvire
753 1599 780 1648 iu
792 1598 1025 1667 dietamorpbosesi
1038 1599 1103 1649 solet
1116 1598 1155 1663 [ct

59 1664 599 1747 aliaipsepoetanarrat,aliainhcroum
620 1667 673 1733 ipsc
690 1666 814 1718 transitus
831 1668 922 1736 efficiat
938 1669 1156 1735 aliquodcunque

60 1734 242 1790 heroidumve
259 1733 495 1801 confabulatione,
517 1747 599 1800 quam
619 1735 796 1803 .s·eclecliom],
821 1752 895 1803 quem
924 1745 1009 1787 iumen
1032 1751 1157 1787 excusare

60 1809 89 1857 et
109 1803 201 1872 ipsam
220 1802 312 1855 vivide
334 1802 478 1868 describit,
499 1803 535 1855 ab
556 1801 599 1853 his
619 1804 757 1854 necessitas
769 1812 854 1870 potest
870 1822 911 1855 res
927 1805 1112 1855 diversissimos
1129 1805 1157 1854 iu

60 1871 268 1941 narrarifingit.
282 1870 424 1937 Quartum,
436 1869 600 1939 quodmodo
619 1872 728 1938 speciem
748 1873 825 1922 cicius
845 1875 964 1940 eorporis
981 1873 1156 1939 colligentem!

61 1941 183 2009 quodam
202 1940 259 1992 sivo
277 1940 399 1992 locorum
420 1939 476 1991 sive
496 1942 598 2007 tempo·
620 1939 653 1990 In
666 1938 767 1992 scholis
779 1940 866 1992 lectas
878 1956 938 1993 csse
953 1956 1009 1993 non
1021 1939 1155 2009 comperi·

61 2027 124 2063 rum
136 2010 301 2080 (temporum
313 2013 406 2061 autem
418 2008 485 2060 ordo
497 2023 547 2076 per
560 2012 600 2059 to·
620 2025 689 2075 mus,
702 2024 753 2061 nce
765 2008 912 2062 verisimile
923 2013 977 2076 est,
990 2009 1016 2061 le
1038 2011 1157 2061 cbantur

60 2084 122 2133 tum
149 2094 220 2147 opus
248 2076 277 2129 in
304 2077 460 2129 universum
491 2075 601 2143 quidem
622 2081 650 2128 et
670 2093 687 2129 a
707 2076 896 2145 grammaticis
916 2081 945 2130 et
969 2027 1157 2147 myiiiologiae

61 2146 206 2201 adbibitus
219 2150 270 2212 est)
287 2144 345 2198 sive
357 2143 524 2198 familiarum
540 2161 600 2213 per·
622 2146 829 2214 cognoscendae
839 2162 930 2198 eausa.
948 2146 1022 2198 Hinc
1031 2162 1085 2199 non
1094 2163 1157 2199 raro

62 2230 226 2269 sonarumve
240 2230 343 2267 conexu
353 2212 509 2266 fabularum
518 2212 602 2265 series
622 2213 753 2281 citantur,
784 2230 801 2266 a
823 2214 967 2267 Prisciano
993 2214 1156 2283 praecipue,

63 2284 253 2348 continuatur,
285 2283 366 2335 modo
394 2287 491 2350 poeta,
520 2298 603 2350 quam
621 2281 685 2334 hinc
713 2286 742 2334 ct
769 2282 797 2334 in
825 2298 936 2350 prosam
963 2283 1114 2335 orationem
1140 2298 1158 2335 a

62 2353 166 2421 raptim
189 2352 226 2404 ad
248 2367 292 2404 res
310 2350 508 2403 diversissimas
529 2356 601 2402 tran·
621 2350 768 2403 Lactantio
781 2349 896 2403 Placido
906 2351 940 2413 (si
952 2367 1050 2403 nomen
1061 2366 1158 2403 verum

64 2426 125 2475 seat
155 2421 295 2489 legentem
311 2419 483 2488 permulcens
502 2418 602 2472 callide
623 2423 673 2485 est)
690 2418 799 2471 circiter
816 2435 887 2472 saec.
898 2419 1000 2474 V-VI
1015 2418 1156 2471 breviatae

64 2461 231 2556 dissimulat,
244 2488 412 2541 romanticac
422 2504 493 2556 quae
503 2487 603 2539 dicitur
622 2492 693 2539 sunt.
717 2485 809 2539 Medio
822 2503 890 2540 aevo
902 2486 994 2557 priore
1007 2503 1158 2557 paucorum

63 2557 152 2610 nostri
163 2556 295 2625 temporis
307 2556 384 2625 poesi
398 2572 432 2609 ea
443 2573 473 2610 re
486 2555 602 2622 aliisque
623 2555 770 2622 hominum,
780 2557 932 2625 posteriore
940 2556 1086 2609 multorum
1095 2574 1157 2627 gra·

63 2642 120 2680 non
140 2641 252 2694 prorsus
273 2624 421 2677 dissimilis.
459 2623 514 2678 Sed
534 2625 603 2676 nihii
622 2627 662 2677 tia
685 2624 844 2692 floruerunt,
867 2625 1031 2694 descriptae,
1051 2642 1156 2691 versae,

63 2694 230 2765 profecisset
242 2692 365 2746 artificiis
377 2692 517 2760 omnibus,
534 2692 603 2745 nihil
622 2694 805 2762 interpolatae
829 2698 899 2746 suni.
945 2694 1061 2747 Saeculo
1084 2694 1159 2747 XIII

64 2778 226 2885 {itiquoqlie
245 2779 299 2882 (tpua
321 2762 429 2842 excellit
449 2762 603 2814 rhetoricae
622 2761 789 2841 Albreehtus
802 2761 836 2815 de
849 2762 1029 2885 ligiiffltaqt
1045 2762 1075 2814 in
1089 2763 1157 2883 {iler-

171 2848 198 2884 ei
214 2846 246 2884 ce
259 2847 321 2883 ione
349 2847 403 2882 nisi
420 2846 526 2882 summa
542 2847 602 2882 nar·
623 2847 759 2883 mamcum
781 2847 812 2883 sa
830 2848 852 2883 c.
1021 2849 1047 2882 m
1129 2850 1157 2883 ι-

65 2850 189 2955 randipet
201 2898 285 2969 depin
306 2871 371 2952 eidi
383 2898 525 2968 praeditus
537 2897 603 2951 iuis-
623 2899 710 2951 nudes
720 2898 749 2951 in
759 2847 896 2952 'Graiieum
905 2847 1157 2953 sei-miiilemuiertii.

66 2975 109 3023 set
120 2968 263 3022 facultate.
283 2916 345 3030 &ua
354 2967 400 3020 hic
411 2982 466 3019 non
478 2972 509 3018 ut
521 2972 604 3020 antea
623 2967 691 3021 Inde
709 2984 726 3020 a
741 2968 845 3020 renatis
856 2967 957 3021 litteris
969 2968 1088 3021 Homero
1100 2968 1159 3021 fero

65 3037 93 3091 in
109 3037 212 3091 leviore
230 3041 258 3088 et
273 3035 397 3090 tenuiore
418 3051 520 3104 genere
542 3035 603 3089 sub·
623 3035 859 3105 praeferebantur,
878 3036 951 3105 quod
967 3036 1099 3089 iudicium
1112 3037 1159 3089 diu

66 3106 147 3172 stitit,
170 3105 220 3158 sed
241 3104 370 3157 sublimia
391 3120 499 3225 quodue
521 3104 603 3158 subii·
624 3104 736 3171 mansit,
762 3105 798 3158 ab
819 3104 916 3158 eodem
936 3110 1060 3174 tempore
1081 3106 1159 3158 etin

66 3174 149 3228 miter
170 3173 229 3226 sine
249 3172 425 3227 affectatione
466 3173 604 3242 eseripsit3
624 3173 778 3226 scholarum
790 3173 962 3226 institutione
974 3173 1159 3243 etinelegan-

68 3244 146 3297 cuius
166 3242 208 3296 rei
231 3242 356 3312 exempla
375 3241 480 3295 habeas
498 3247 604 3311 pestem
624 3241 702 3295 tioris
714 3241 855 3294 doctrinae
871 3242 1057 3295 instrumentis
1069 3242 1159 3297 locum

92 3366 106 3405 8
120 3364 187 3413 Quod
204 3365 236 3403 ih.
246 3375 267 3413 p.
277 3364 298 3403 X
311 3364 411 3404 breviter
428 3364 535 3415 indicavi,
554 3365 606 3405 ovi.
625 3327 703 3364 suum
714 3310 826 3364 habent·
840 3342 873 3349 ““

70 3416 132 3457 dium
146 3426 214 3465 saepe
228 3417 265 3455 vel
279 3426 331 3455 suos
339 3417 376 3457 vel
389 3417 486 3455 alioruin
494 3427 572 3456 versus
581 3417 605 3455 ln
893 3447 922 3460 .,

69 3480 135 3509 nsum
145 3479 209 3508 suurn
220 3477 345 3517 revocasse,
358 3468 383 3507 id
396 3469 442 3506 iarn
452 3468 606 3515 copiosIsiimc
658 3448 719 3500 111111
736 3448 772 3501 ad
787 3465 846 3501 rem
863 3452 986 3501 criticam
998 3463 1081 3516 quam
1093 3466 1160 3519 pall-

10 3565 12 3572 ,
70 3520 250 3561 demonstratum
269 3522 303 3558 est
324 3520 349 3557 in
367 3518 425 3558 lihro
444 3520 495 3557 utili
513 3520 606 3558 Antonii
626 3515 742 3568 cissimis
767 3515 859 3570 verbis
888 3517 1107 3571 constituendam
1129 3526 1160 3572 lli

69 3572 173 3622 Zingerle
189 3570 295 3611 ‘Ovidius
308 3570 356 3610 und
369 3570 418 3609 sein
427 3570 570 3611 Verhaltnisi
580 3582 607 3609 zu
625 3590 772 3652 transeam,
785 3585 868 3637 etiam
880 3584 909 3637 in
920 3586 973 3639 hoe
984 3586 1121 3640 volumine
1131 3589 1159 3640 jn

10 3686 12 3692 ,
70 3676 137 3715 ichen
154 3673 278 3715 niehmm'
295 3673 424 3713 Inniuruek
436 3685 456 3713 a.
471 3674 606 3713 isus-1371.
625 3653 1059 3707 universudeIerkeliirationi
1070 3673 1161 3709 assen-

72 3726 99 3767 ei.
122 3736 180 3775 quie
202 3725 251 3764 (1¹¹1
274 3725 298 3763 ¹1¹
319 3723 418 3775 Pardua.
438 3723 535 3775 leiseuer
556 3726 607 3765 1872
625 3722 687 3789 tior,
706 3739 767 3775 cum
783 3738 837 3790 quo
855 3722 978 3776 codicem
990 3723 1162 3778 Marcianum

72 3780 244 3877 μξθζοᾞω
258 3828 283 3867 ,n
298 3839 324 3867 eo
338 3839 426 3878 queque
444 3827 496 3866 talis
508 3828 607 3867 varietus
626 3790 814 3844 Florentinum
829 3790 881 3845 225
897 3808 969 3845 saec.
980 3791 1023 3845 XI
1038 3794 1162 3846 exeuntis

72 3880 188 3921 nonnullis
197 3880 272 3919 inesse
281 3880 331 3919 visa
340 3884 380 3929 est,
392 3879 509 3928 quodiam
519 3889 608 3928 quoque
627 3862 690 3927 (Μ),
708 3859 784 3912 cuius
796 3859 928 3914 lectiones
940 3860 1075 3929 simulque
1086 3862 1161 3915 Lau-

72 3932 182 3973 aiabulls
195 3932 302 3981 alienam,
317 3932 459 3981 Pythagorae
473 3931 606 3980 doctrinam,
626 3926 745 3981 rgnfigni
760 3928 802 3996 36,
816 3928 849 3981 12
865 3946 936 3983 saec,
946 3929 990 3983 XI
1002 3932 1045 3997 (L)
1058 3929 1162 4000 insigni

72 3982 607 4075 geggggggggggggngggg
627 3996 661 4049 H.
674 3996 782 4050 Keilii
793 3996 954 4051 liberalitati
966 4002 994 4051 et
1004 3998 1052 4051 iue
1065 3998 1162 4051 debui

73 4086 248 4139 myrmecium
256 4096 324 4137 opere
332 4096 380 4128 nei
388 4088 422 4129 eei
431 4086 514 4129 meni.
627 4069 655 4118 et
667 4081 719 4136 ego
732 4065 828 4137 debeo,
841 4066 975 4137 optimum
986 4082 1047 4123 esse
1057 4066 1159 4125 iudico.
