2574 4478
169 163 230 228 132
499 172 533 227 P.
552 171 677 227 0V1D11
693 168 856 226 NASONIS

168 296 320 448 prrmitias
338 295 468 381 frugum
486 291 609 369 Cereri,
627 316 687 357 sua
703 293 777 357 vina
793 291 915 376 Lyae0,

102 405 151 455 275

199 381 328 447 alladios
345 383 447 445 flavae
464 380 572 444 latices
589 378 703 443 libasse
721 378 897 441 Minervae.

169 479 298 552 coeptus
317 468 358 531 ab
375 465 520 550 agricolis
538 486 668 548 superos
686 462 888 548 pervenitad
906 485 1017 531 omnes

170 551 353 617 ambitiosus
371 551 480 616 honor.
524 550 608 613 solas
626 548 692 613 sine
709 559 779 612 ture
796 548 921 612 relictas

169 639 356 723 praeteritae
374 657 513 701 cessasse
530 634 635 698 ferunt
653 633 806 699 Latoidos
825 656 905 697 aras.

170 723 271 808 tangit
288 733 321 786 et
337 722 384 785 ira
401 721 487 785 deos.
531 725 578 784 ‘at
594 741 658 783 non
676 719 804 804 impune
821 718 975 784 feremus:

103 830 152 879 280
170 829 314 891 quaeque
331 806 545 880 inhonoratas,
563 827 626 868 non
645 814 677 870 et
693 805 835 869 dicemur
850 804 985 870 inultae'

169 893 280 974 inquit.
322 903 354 956 et
372 889 491 955 Oenios
517 891 651 954 ultorem
670 901 776 975 spreta
792 911 850 974 per
867 911 962 974 agros

169 977 253 1041 misit
270 998 396 1060 aprum,
413 986 530 1058 quanto
547 975 682 1039 maiores
703 974 836 1039 herbida
852 985 960 1040 tauros

168 1084 233 1127 non
248 1061 344 1126 habet
359 1060 486 1146 Epiros,
507 1060 564 1125 sed
581 1060 699 1125 habent
724 1059 833 1126 Sicula
848 1082 925 1125 arva
941 1061 1086 1128 minores.

103 1170 153 1216 284
170 1147 324 1232 sanguine
342 1157 374 1212 et
390 1148 464 1232 igne
481 1146 597 1209 micant
615 1147 707 1215 oculi,
725 1146 807 1231 riget
824 1145 952 1211 horrida
969 1148 1089 1225 cervix,

103 1255 152 1303 286
171 1243 317 1314 stantque
334 1231 421 1296 velut
437 1232 571 1307 vallum,
588 1231 675 1296 velut
693 1232 757 1296 alta
773 1231 900 1296 hastilia
917 1242 1003 1297 setae
1009 1257 1019 1310 3

170 1318 293 1382 fervida
311 1340 384 1382 cum
400 1338 496 1381 rauco
513 1318 593 1380 latos
611 1317 743 1381 stridore
760 1339 818 1401 per
835 1339 938 1381 armos

171 1425 284 1486 spuma
300 1403 383 1479 fluit,
401 1402 510 1466 dentes
528 1413 704 1484 aequantur
720 1401 868 1466 dentibus
885 1402 985 1480 Indis,

169 1488 290 1552 fulmen
309 1488 349 1551 ab
367 1509 421 1552 ore
439 1487 539 1563 venit,
557 1487 685 1552 frondes
703 1486 871 1551 adflatibus
889 1488 1011 1554 ardent

56 1637 58 1640 Α
103 1594 153 1644 290
170 1572 197 1636 is
214 1572 308 1636 modo
326 1571 500 1638 crescentes
518 1584 640 1657 segetes
658 1572 821 1657 proculcat
836 1573 870 1636 in
887 1573 997 1651 herba,

170 1681 255 1722 nuno
272 1668 396 1722 matura
412 1658 501 1722 metit
518 1657 622 1721 fleturi
639 1668 713 1722 vota
730 1656 833 1722 coloni

171 1755 202 1809 et
221 1741 370 1807 Cererem
386 1743 419 1806 in
437 1742 530 1828 spicis
547 1742 715 1827 intercipit.
758 1765 833 1808 area
849 1743 977 1821 frustra,

170 1839 202 1894 et
219 1827 336 1892 frustra
353 1838 521 1912 expectant
537 1828 707 1912 promissas
724 1827 838 1892 horrea
854 1851 984 1894 messes.

171 1925 351 1979 sternuntur
367 1913 491 1998 gravidi
507 1914 604 1997 longo
622 1934 694 1977 cum
711 1914 840 1998 palmite
858 1915 942 1978 fetus

104 2020 152 2070 295
169 1999 312 2082 bacaque
330 2020 403 2062 oum
419 1999 514 2062 ramis
533 2020 656 2082 semper
673 1999 846 2064 frondentis
864 1998 976 2064 olivae.

170 2084 270 2150 saevit
288 2083 369 2149 etin
386 2083 533 2168 pecudes.
575 2105 640 2147 non
656 2083 714 2148 has
732 2096 878 2169 pastorve
896 2085 1033 2163 canisve,

170 2192 234 2234 non
251 2179 391 2235 armenta
408 2181 512 2233 truces
528 2179 660 2252 possunt
678 2170 847 2234 defendere
863 2170 955 2234 tauri.

171 2255 342 2340 diffugiunt
359 2254 468 2339 populi
485 2276 544 2318 nec
563 2277 596 2318 se
613 2255 674 2317 nisi
692 2254 857 2319 moenibus
875 2255 963 2319 urbis

170 2363 239 2405 esse
256 2351 369 2425 putant
386 2351 485 2404 tutos:
504 2339 604 2404 donec
622 2339 802 2424 Meleagros
821 2351 853 2404 et
870 2363 934 2404 una

104 2447 153 2495 300
170 2428 251 2491 lecta
268 2447 380 2489 manus
397 2425 549 2490 iuvenum
566 2425 667 2489 coiere
685 2425 832 2510 cupidine
849 2426 966 2489 laudis:

170 2511 372 2596 Tyndaridae
388 2510 522 2595 gemini,
539 2520 734 2595 praestantes
751 2510 907 2575 caestibus
925 2511 1014 2587 alter,

171 2597 249 2662 alter
267 2617 359 2678 equo,
376 2596 560 2679 primaeque
576 2595 652 2659 ratis
670 2596 795 2659 molitor
811 2596 916 2671 Iason,

62 2755 65 2762 ¹
171 2694 202 2747 et
220 2704 293 2746 cum
309 2681 461 2754 Pirithoo,
479 2681 556 2744 felix
574 2680 754 2757 concordia,
771 2680 925 2757 Theseus,

171 2778 203 2832 et
221 2767 284 2830 duo
302 2766 503 2842 Thestiadae,
521 2766 687 2850 prolesque
705 2766 867 2850 Aphareia
885 2766 1036 2850 Lynceus

104 2873 153 2921 305
171 2864 202 2916 et
221 2854 313 2916 velox
330 2853 420 2928 Idas,
438 2863 470 2916 et
486 2852 550 2914 iam
568 2872 631 2914 non
648 2851 767 2915 femina
785 2849 942 2927 Caeneus,

171 2938 294 3022 Leucip
317 2959 417 3020 usque
435 2937 526 3001 ferox
543 2936 709 3019 iaculoque
726 2937 859 3022 insignis
877 2939 1027 3014 Acastus,

171 2961 437 3108 Hippothousque
454 3022 625 3106 Dryasque
643 3032 675 3086 ct
693 3033 796 3087 cretus
814 3024 991 3107 Amyntore
1008 3022 1163 3103 Phoenix,

170 3107 404 3191 Actoridaeque
421 3131 527 3193 pares,
546 3119 578 3171 et
594 3107 710 3171 missus
727 3107 769 3172 ab
786 3107 879 3172 Elide
896 3107 1049 3191 Phyleus.

170 3217 229 3260 nec
246 3193 400 3258 Telamon
419 3193 527 3258 aberat
544 3193 716 3276 magnique
734 3204 856 3257 creator
872 3194 1018 3271 Achillis,

104 3299 153 3350 alo
171 3301 306 3363 cumque
322 3278 512 3344 Pheretiade
530 3289 562 3343 et
578 3280 728 3363 Hyanteo
745 3279 834 3343 Iolao

170 3366 305 3450 impiger
322 3365 478 3449 Eurytion
496 3375 527 3429 et
544 3385 638 3428 cursu
655 3363 791 3428 invictus
809 3363 943 3438 Echion,

170 3451 389 3535 Naryciusque
406 3450 508 3515 Lelex
525 3449 758 3534 Panopeusque
776 3450 964 3533 Hyleusque
982 3449 1136 3538 feroxque

170 3537 348 3622 Hippasus,
367 3546 398 3600 et
414 3535 524 3620 primis
542 3536 714 3602 etiamnum
731 3534 847 3599 Nestor
863 3535 896 3599 in
914 3535 1016 3613 annis,

171 3633 203 3688 et
220 3644 298 3705 quos
316 3621 506 3706 Hippocoon
524 3621 660 3705 antiquis
677 3621 762 3686 misit
778 3620 934 3706 Amyclis,

104 3726 153 3774 315
170 3707 412 3793 Penelopesque
430 3730 519 3773 socer
536 3730 609 3772 cum
626 3706 797 3772 Parrhasio
814 3710 947 3774 Ancaeo

171 3794 428 3877 Ampycidesque
447 3817 546 3880 sagax
564 3805 594 3858 et
612 3793 716 3858 adhuc
734 3817 753 3859 a
771 3794 904 3879 coniuge
922 3804 1011 3859 tutus

172 3875 335 3955 Oeclides,
353 3880 552 3962 nemorisque
570 3879 666 3944 decus
684 3879 832 3963 Tegeaea
849 3879 981 3963 Lycaei.

169 3964 271 4030 rasilis
288 3963 363 4031 huie
380 3987 536 4031 summam
553 3964 717 4033 mordebat
735 3965 833 4033 fibula
850 3976 984 4043 vestem;
