2574 4478
181 238 223 305 96
511 251 544 307 Ρ.
564 249 687 309 OVIDII
705 250 866 310 NASONIS

204 374 323 442 ascere’
342 374 399 453 ait,
418 375 573 460 ‘satisque
590 399 662 441 meo
680 387 735 441 tua
752 388 880 461 pectora
896 376 995 441 luctu.

181 400 314 549 lcorque
331 462 434 526 ferum
451 461 544 526 satia'
563 462 655 526 dixit:
675 469 745 546 ‘per
762 461 875 526 funera
892 458 1027 547 septem]

181 548 303 613 efferor.
346 548 453 611 exulta
469 548 659 630 victrixque,
676 547 816 624 inimica,
835 545 1007 632 trirunphal

182 656 238 698 cur
254 644 360 698 autem
378 631 507 697 victrix?
524 633 656 697 miserae
673 633 750 696 mihi
767 634 858 718 plura
876 643 1057 718 supersunt,

114 737 163 787 285
182 742 277 802 quam
294 718 352 782 tibi
369 717 462 783 felici.
505 728 578 803 post
595 729 641 781 tot
659 738 785 801 quoque
802 718 916 782 funera
932 717 1046 784 vinco?

181 803 316 881 dixerat,
334 813 366 868 et
383 802 488 867 sonuit
505 814 650 868 contento
667 826 783 869 nervus
801 804 842 867 ab
860 825 949 867 arcu:

181 890 235 973 qui
252 899 376 974 praeter
391 889 517 953 Nioben
534 912 631 954 unam
649 888 819 954 conterruit
837 910 959 966 omnes3

180 974 234 1039 illa
250 975 333 1038 malo
351 985 399 1039 est
416 974 530 1039 audax.
575 975 702 1039 stabant
719 996 792 1039 cum
810 974 950 1039 vestibus
969 973 1045 1040 atris

180 1070 253 1126 ante
270 1071 354 1124 toros
372 1060 506 1125 fratrum
523 1060 659 1125 demisso
678 1061 763 1125 crine
780 1081 913 1125 sorores.

114 1164 164 1214 290
182 1169 199 1210 e
217 1145 331 1229 quibus
348 1169 413 1210 una
431 1146 557 1211 trahens
573 1146 735 1211 haerentia
752 1145 872 1210 viscere
890 1145 953 1211 tela

179 1231 325 1316 imposito
343 1231 433 1296 fratri
449 1231 638 1309 moribunda
654 1230 812 1316 relanguit
828 1253 892 1295 ore.

179 1317 277 1382 altera
294 1316 388 1382 solari
405 1316 552 1382 miseram
571 1330 683 1382 conata
700 1328 862 1401 parentem

179 1402 329 1468 conticuit
346 1403 449 1466 subito
468 1402 689 1487 duplicataque
706 1402 835 1467 vulnere
854 1424 948 1466 caeco
965 1412 1023 1466 est

177 1486 312 1638 0000000
330 1489 529 1572 compressit,
547 1488 608 1552 nisi
624 1497 792 1572 postquam
810 1487 938 1572 spiritus
954 1482 1047 1574 ibat]

111 1592 160 1643 295
200 1596 256 1639 aec
273 1573 390 1638 frustra
407 1573 532 1659 fugiens
551 1573 729 1638 collabitur:
747 1573 801 1636 illa
819 1573 917 1637 sorori

178 1659 366 1724 immoritur:
384 1659 461 1724 latet
477 1659 569 1724 haec:
588 1659 674 1723 illam
691 1659 847 1743 trepidare
864 1659 998 1723 videres.

178 1767 296 1827 sexque
315 1744 396 1809 datis
413 1746 475 1809 leto
494 1744 680 1828 diversaque
697 1745 829 1808 vulnera
845 1744 946 1829 passis

59 1848 65 1852 ·
177 1829 288 1894 ultima
305 1830 453 1894 restabat.
495 1851 591 1913 quam
609 1841 675 1894 toto
693 1851 822 1914 corpore
839 1842 950 1905 mater,

177 1925 243 1980 tota
259 1926 346 1980 veste
363 1926 473 2000 tegens
492 1922 603 1980 ‘unam
620 1914 846 1998 minimamque
864 1912 1020 1998 relinquel

109 2018 160 2070 too
177 2000 217 2066 de
233 2001 340 2066 multis
356 2000 519 2065 minimam
536 2001 646 2086 posco'
665 2000 813 2065 clamavit
831 2007 877 2064 ‘et
893 2000 1010 2064 unam?

176 2087 315 2170 dumque
332 2097 437 2172 rogat,
454 2109 511 2172 pro
529 2109 592 2171 qua
609 2096 714 2172 rogat,
733 2085 857 2151 occidit.
901 2086 979 2150 orba
996 2084 1114 2151 resedit

177 2173 337 2237 exanimes
354 2171 435 2237 inter
451 2184 542 2236 natos
560 2183 713 2256 natasque
731 2172 907 2255 virumque,

176 2257 375 2343 deriguitque
393 2258 492 2322 malis.
536 2259 638 2323 nullos
656 2269 763 2322 movet
780 2281 858 2322 aura
875 2256 1015 2342 capillos,

174 2342 207 2406 in
224 2345 314 2408 vultu
332 2345 417 2408 color
434 2342 567 2408 estsine
585 2343 749 2429 sanguine,
766 2342 887 2408 lumino
903 2342 1031 2407 maestis

109 2447 158 2496 005
176 2440 260 2494 stant
276 2430 407 2494 immota
423 2428 513 2515 genis
518 2453 527 2506 3
545 2428 624 2493 nihil
641 2429 737 2493 estin
755 2428 894 2514 imagine
911 2429 1031 2492 vivum.

173 2514 244 2600 ipsa
262 2536 388 2599 quoque
405 2514 535 2581 interius
553 2537 626 2579 cum
644 2514 723 2578 duro
740 2514 850 2600 lingua
867 2514 973 2598 palato

175 2601 334 2686 congelat,
353 2611 384 2665 et
401 2623 501 2665 venae
519 2600 673 2665 desistunt
691 2622 782 2685 posse
799 2599 929 2664 moveri.

173 2708 232 2751 nec
249 2686 332 2751 flecti
349 2686 471 2764 cervix,
489 2708 548 2750 nec
566 2685 713 2750 bracchia
729 2685 861 2751 reddere
878 2695 992 2762 motus,

173 2793 232 2835 nec
249 2794 305 2856 pes
322 2772 368 2837 ire
385 2782 502 2857 potest3
521 2771 603 2835 intra
619 2791 747 2854 quoque
765 2771 885 2836 viscera
901 2793 1014 2835 saxum
1033 2779 1092 2838 est.

105 2876 156 2927 010
172 2856 227 2921 fiet
243 2869 359 2934 tamen,
376 2869 408 2922 et
424 2857 521 2921 validi
539 2857 732 2921 circumdata
749 2857 874 2922 turbine
891 2856 977 2921 venti

171 2941 205 3006 in
222 2942 356 3027 patriam
373 2955 465 3027 rapta
482 2953 539 3007 est.
582 2941 627 3006 ibi
644 2942 708 3006 fixa
726 2943 889 3007 cacumine
905 2941 1021 3006 montis

171 3027 311 3109 liquitur,
330 3039 362 3094 et
378 3027 524 3092 lacrimas
542 3027 636 3093 etiam
653 3050 738 3092 nunc
755 3050 913 3092 marmora
931 3038 1072 3093 manant.

213 3113 306 3178 Tunc
323 3135 397 3178 vero
415 3113 520 3178 cuncti
537 3115 737 3179 manifestam
755 3113 892 3178 numinis
909 3113 988 3178 iram
1071 3113 1195 3197 Aqreqo

171 3197 289 3263 femina
302 3198 412 3283 virque
426 3198 547 3276 timent,
562 3199 712 3283 cultuque
725 3199 897 3284 impensius
911 3222 1021 3264 omnes
1091 3181 1177 3249 ΒΨ·

104 3305 153 3356 ³15
171 3306 287 3370 magna
304 3284 526 3370 gemelliparae
543 3296 734 3349 venerantur
749 3285 880 3349 numina
896 3285 998 3349 divae.

170 3381 269 3453 utque
286 3370 336 3447 fit,
353 3393 374 3434 a
390 3370 474 3434 facto
492 3371 638 3455 propiore
655 3371 760 3456 priora
777 3381 950 3435 renarrant.

170 3455 321 3538 equibus
338 3478 421 3519 unus
439 3455 496 3519 ait:
516 3455 653 3540 ‘Lyciae
671 3477 798 3539 quoque
817 3456 927 3521 fertilis
945 3455 1030 3540 agris

168 3562 233 3604 non
250 3540 380 3625 impune
399 3540 491 3604 dcam
509 3553 631 3606 veteres
649 3564 795 3626 sprevere
814 3541 925 3606 coloni.

169 3648 219 3689 res
237 3626 371 3690 obscura
388 3626 515 3709 quidem
534 3638 582 3690 est
597 3626 795 3711 ignobilitate
813 3627 962 3703 virorum,

104 3731 152 3781 320
169 3710 249 3775 mira
266 3721 381 3775 tamen.
425 3710 490 3775 vidi
507 3734 656 3796 praesens
675 3722 885 3811 stagnumque
902 3712 1072 3796 locumque

168 3796 313 3896 prodigio
329 3806 450 3860 notum.
493 3819 568 3860 nam
585 3819 636 3861 me
654 3796 717 3861 iam
735 3798 884 3883 grandior
901 3819 979 3862 aevo

167 3881 399 3965 impatiensque
417 3881 487 3946 viae
504 3881 629 3967 genitor
646 3881 802 3947 deducere
818 3884 917 3947 lectos

167 3966 302 4031 iusserat
318 3965 392 4031 inde
409 3967 521 4044 boves,
540 3967 706 4053 gentisque
722 3967 807 4032 illius
824 3968 912 4032 eunti

166 4050 236 4140 ipse
254 4051 367 4119 ducem
385 4053 524 4119 dederat
567 4075 640 4119 cum
658 4075 721 4139 quo
739 4054 816 4119 dum
831 4074 951 4140 pascua
967 4054 1077 4132 lustro,
1178 4060 1184 4083 ‘
