2574 4478
254 250 621 308 METAMORPHOSEON
638 251 712 307 LlR.
730 252 760 306 11
777 252 922 309 tls-833.
1057 239 1098 303 37

75 376 206 441 vincula
223 376 402 462 cingebant.
446 376 506 440 ado
531 385 660 458 artaque
677 375 816 440 nubibus
835 376 920 454 atris,
1118 393 1168 444 ⁷90

77 483 282 546 quacumque
299 461 485 546 ingreditur,
502 399 646 526 dorentia
663 463 794 546 proterit
811 484 888 526 arva

77 548 247 630 exuritque
265 547 380 612 herbas
398 557 430 612 et
447 570 572 611 summa
589 547 754 612 cacumina
771 547 872 632 carpit

76 634 261 716 adflatuque
279 653 337 696 suo
354 634 488 718 populos
506 633 664 715 urbesque
682 632 856 715 domosque

76 719 206 804 polluit,
225 728 257 783 et
274 718 402 783 tandem
419 718 585 782 Tritonida
602 718 754 804 conspicit
771 740 876 783 arcem

76 803 214 890 ingeniis
232 804 409 889 opibusque
427 814 459 869 et
475 803 557 869 festa
573 826 653 889 pace
670 805 832 881 virentem,

76 892 197 973 vixque
214 899 301 954 tenet
316 889 476 964 lacrimas,
495 889 570 974 quia
586 888 630 953 nil
647 889 840 954 lacrimabile
857 889 966 955 cernit.

78 976 135 1041 sed
153 986 321 1060 postquam
338 975 493 1039 thalamos
511 975 640 1040 intravit
657 972 801 1060 Cecrope
818 985 921 1053 natae,

76 1062 165 1125 iussa
182 1060 259 1125 facit
276 1070 449 1145 pectusque
467 1083 565 1125 manu
582 1060 743 1161 ferrugine
760 1061 858 1126 tincta

78 1147 182 1232 tangit
200 1157 231 1211 et
248 1146 383 1210 hamatis
400 1146 586 1231 praecordia
603 1147 745 1211 sentrbus
761 1146 882 1231 implet,

77 1233 273 1317 inspiratque
289 1253 407 1295 nocens
425 1230 511 1296 virus
528 1232 717 1317 piceumque
734 1255 792 1317 per
809 1254 881 1297 ossa

78 1317 212 1403 dissipat
229 1328 261 1381 et
277 1317 381 1381 medio
400 1317 521 1402 spargit
538 1317 686 1402 pulmone
703 1340 870 1382 venenum.

76 1426 160 1468 neve
178 1403 254 1465 mali
271 1424 387 1466 causac
403 1403 541 1487 spatium
558 1426 615 1487 per
631 1402 726 1467 latius
744 1414 858 1480 errent,

75 1511 262 1574 germanam
280 1498 353 1553 ante
371 1488 479 1552 oculos
497 1487 755 1572 fortunatumque
774 1489 887 1553 sororis

77 1573 262 1658 coniugium
279 1572 475 1658 pulchraque
493 1573 588 1638 deum
607 1574 667 1638 sub
683 1573 822 1659 imagine
840 1575 929 1660 ponit

79 1670 257 1741 cunctaque
274 1680 392 1742 magna
408 1658 494 1722 facit.
538 1659 653 1742 quihus
671 1658 804 1735 irritata,
823 1661 930 1726 dolore

81 1742 232 1829 Cecropis
250 1745 373 1808 occulto
390 1745 553 1809 mordetur
570 1755 601 1809 et
619 1746 713 1809 anxia
729 1757 832 1822 nocte,

76 1830 174 1895 anxia
190 1830 262 1894 luce
279 1830 378 1914 gemit
394 1830 542 1913 lentaque
559 1831 735 1895 miserrima
752 1831 826 1896 tabe

75 1915 218 1998 liquitur,
236 1924 273 1977 ut
289 1915 407 1999 glacies
424 1916 543 1981 incerto
561 1916 669 1981 saucia
686 1917 761 1982 sole.

76 2000 243 2082 felicisque
261 2000 352 2064 bonis
369 2022 433 2064 non
450 2000 553 2065 lenius
571 2001 673 2066 uritur
689 2003 819 2079 Herses,

75 2108 175 2169 quam
193 2107 266 2148 cum
284 2085 417 2170 spinosis
435 2084 518 2170 ignis
535 2088 724 2172 supponitur
740 2087 856 2164 herbis,

76 2193 160 2254 quae
177 2191 281 2253 neque
300 2171 376 2235 dant
392 2171 536 2236 flammas
553 2170 679 2255 lenique
696 2184 804 2258 tepore
822 2183 1009 2237 cremantur.

76 2278 174 2341 saepe
191 2255 271 2319 mori
288 2256 403 2332 voluit,
421 2279 461 2321 ne
480 2256 650 2340 quicquam
668 2259 730 2322 tale
748 2259 882 2323 videret:

75 2364 173 2426 saepe
191 2342 279 2405 velut
296 2342 414 2406 crimen
431 2342 533 2427 rigido
550 2365 678 2408 narrare
695 2344 831 2428 parenti:

77 2427 215 2510 denique
232 2427 266 2489 in
284 2427 416 2491 adverso
434 2428 612 2492 venientem
629 2428 737 2492 limine
755 2428 836 2493 sedit

75 2513 245 2577 exclusura
263 2512 368 2576 deum.
413 2513 464 2576 cui
481 2513 697 2578 blandimenta
713 2535 886 2598 precesque

76 2597 239 2679 verbaque
256 2597 384 2661 iactanti
401 2596 567 2662 mitissima
584 2599 719 2664 ‘desine'
739 2599 830 2662 dixit:

76 2683 166 2746 ‘hine
185 2704 245 2766 ego
263 2705 314 2745 me
332 2704 396 2746 non
414 2706 485 2746 sum
503 2683 563 2747 nisi
580 2694 611 2747 te
628 2698 753 2748 motura
769 2684 915 2769 repulso?

76 2768 226 2832 ‘stemus'
246 2768 290 2830 ait
308 2768 430 2852 ‘pacto'
449 2769 542 2832 velox
561 2766 725 2852 Cyllenius
743 2770 837 2846 ‘isto,'

75 2852 267 2936 caelestique
295 2852 379 2916 fores
397 2852 487 2938 virga
505 2855 664 2938 patefecit.
708 2866 740 2918 at
757 2855 802 2918 illi

75 2961 207 3023 surgere
225 2938 351 3001 conanti
369 2950 487 3023 partes,
506 2961 723 3022 quascumque
741 2941 880 3005 sedendo

74 3024 247 3099 flectimus,
265 3023 382 3107 ignava
399 3034 561 3106 nequeunt
577 3026 733 3109 gravitate
750 3026 880 3091 moveri.

75 3109 130 3173 illa
148 3108 277 3192 quidem
295 3119 418 3193 pugnat
434 3120 519 3173 recto
537 3131 571 3173 se
589 3110 732 3175 attollere
750 3122 871 3188 trunca,

76 3195 132 3258 sed
149 3216 291 3278 genuum
308 3194 455 3258 iunctura
471 3194 566 3278 riget,
584 3195 749 3279 frigusque
766 3220 823 3281 per
840 3197 960 3283 inguen

74 3280 202 3354 labitur,
221 3290 252 3343 et
270 3279 389 3363 pallent
406 3280 521 3343 amisso
539 3281 693 3364 sanguine
711 3304 820 3346 venae.

73 3378 175 3448 utque
193 3364 312 3427 malum
329 3366 392 3428 late
410 3365 489 3429 solet
505 3365 736 3432 immedicabile
755 3389 867 3434 cancer

75 3472 204 3534 serpere
222 3460 253 3514 et
270 3449 406 3514 inlaesas
424 3450 541 3514 vitiatis
558 3452 675 3516 addere
692 3463 807 3537 partes,

73 3537 120 3599 sic
137 3534 241 3598 letalis
259 3534 359 3599 hiems
377 3535 531 3619 paulatim
547 3536 579 3600 in
596 3547 725 3621 pectora
743 3536 828 3602 venit

73 3620 251 3702 vitalesque
269 3620 336 3683 vias
354 3631 386 3684 et
402 3620 609 3705 respiramina
626 3623 748 3686 clausit.

74 3727 134 3770 nec
152 3715 267 3770 conata
282 3705 370 3788 loqui
387 3715 449 3780 est,
467 3727 539 3782 nec,
558 3707 585 3771 si
603 3719 715 3772 conata
731 3708 853 3785 fuisset,
1195 3764 1198 3769 .

74 3790 162 3855 vocis
180 3790 319 3854 habebat
335 3790 405 3856 iter.
449 3814 561 3855 saxum
577 3793 642 3856 iam
660 3794 740 3858 colla
757 3794 894 3870 tenebat,
1113 3817 1163 3867 830

74 3897 192 3958 oraque
212 3874 397 3952 duruerant,
415 3875 604 3961 signumque
623 3901 768 3963 exangue
786 3880 925 3944 sedebat.

73 3983 132 4026 nec
148 3961 231 4048 lapis
249 3961 340 4025 albus
358 3971 438 4026 erat:
458 3984 516 4025 sua
532 3985 620 4028 mens
638 3964 789 4029 infecerat
807 3966 902 4030 illam.

115 4048 186 4115 Has
204 4045 262 4113 ubi
279 4047 447 4113 verborum
465 4069 583 4134 poenas
601 4049 776 4135 mentisque
793 4052 945 4139 profanae
1044 4069 1160 4139 Europa
