2574 4478
169 332 231 398 266
504 344 536 399 Ρ.
556 344 680 402 OVIDII
696 344 858 401 NASONIS

168 471 259 534 ‘siste
275 469 425 546 modum,'
443 468 522 533 dixit
540 476 657 553 ‘neque
675 470 760 534 enim
776 470 905 533 fortuna
921 468 1086 552 querenda

168 556 236 619 sola
253 568 382 619 tuaest.
426 555 542 619 similes
560 555 693 618 aliorum
710 557 831 640 respice
849 578 956 619 casus:

102 660 150 709 495
168 641 274 703 mitius
291 642 353 704 ista
368 640 460 705 feres.
504 641 689 724 utinamque
707 641 853 725 exempla
869 641 1030 705 dolentem

167 747 230 790 non
249 748 320 789 mea
337 739 367 789 te
385 740 514 811 possent
531 726 684 790 relevare!
712 727 769 791 sed
786 740 817 790 et
834 749 906 790 mea
922 738 1068 810 possunt.

167 811 264 874 fando
282 811 418 890 aliquem
434 812 644 893 Hippolytum
662 824 784 875 vestras
802 833 929 894 quoque
948 812 1082 896 contigit
1099 833 1178 873 aures

167 892 350 957 credulitate
359 893 466 976 patris,
477 894 646 958 sceleratae
657 908 688 957 et
698 893 809 956 fraude
818 913 973 955 novercae
987 898 1178 967 [(Ηῐρροίμτωζ

168 978 354 1043 occubuisse
371 976 451 1041 neci.
494 976 663 1051 mirabere,
681 975 797 1057 vixque
814 974 972 1059 probabo:

102 1086 151 1134 ooo
169 1064 224 1128 sed
242 1077 348 1127 tamen
364 1063 417 1126 ille
434 1083 495 1146 ego
512 1085 592 1125 sum.
636 1083 687 1124 me
704 1059 896 1144 Pasiphaeia
912 1059 1077 1141 quondum

169 1162 356 1233 temptatum
374 1148 504 1221 frustra,
523 1147 658 1230 patrium
677 1158 830 1208 temerare
847 1145 962 1220 cubile,

169 1235 254 1298 (uod
272 1233 386 1309 voluit,
411 1233 548 1296 voluisse
573 1232 683 1296 infelix
712 1231 842 1295 crimine
859 1252 952 1293 verso

169 1258 331 1395 dudieiine
348 1328 435 1381 metu
452 1315 569 1398 magis,
587 1316 749 1379 offensane
765 1315 945 1397 repulsaret)

170 1401 340 1475 damnavit,
359 1402 568 1481 meritumque
585 1398 663 1462 nihil
681 1410 772 1482 pater
789 1399 863 1463 eicit
879 1397 969 1475 urbe,

12 1543 14 1546 Α
106 1506 153 1555 ⁵05
172 1484 339 1566 hostilique
357 1493 452 1566 caput
468 1504 562 1566 prece
580 1483 753 1545 detestatur
770 1482 883 1545 euntis.

172 1568 332 1632 Pittheam
349 1568 487 1652 profugo
505 1589 599 1630 curru
617 1566 782 1630 Troezena
798 1567 957 1651 petebam,

172 1654 297 1736 iamque
317 1650 508 1716 Corinthiaci
528 1652 696 1736 carpebam
713 1652 805 1714 litora
821 1653 921 1736 ponti,

173 1762 245 1803 oum
264 1761 349 1801 mare
367 1737 515 1813 surrexit,
534 1737 742 1820 cumulusque
759 1737 905 1800 immanis
923 1758 1079 1820 aquarum

172 1824 204 1887 in
223 1823 336 1887 montis
355 1823 492 1906 speciem
510 1823 633 1886 curvari
651 1834 683 1886 et
700 1844 839 1887 crescere
857 1822 943 1886 visus

106 1932 155 1980 olo
173 1921 203 1973 et
221 1908 296 1973 dare
313 1908 453 1993 mugitus
471 1929 657 1990 summoque
676 1907 839 1972 cacumine
856 1908 944 1971 findi.

173 1994 318 2078 corniger
335 1993 407 2057 hinc
425 2006 533 2057 taurus
551 1993 651 2077 ruptis
670 1992 836 2077 expellitur
853 1994 957 2068 undis,

172 2079 414 2165 pectoribusque
432 2092 524 2143 tenus
542 2079 651 2141 molles
670 2090 791 2143 erectus
808 2079 841 2142 in
859 2101 952 2142 auras

172 2164 301 2228 naribus
319 2177 350 2228 et
367 2165 474 2248 patulo
492 2177 613 2264 partem
631 2164 726 2227 maris
745 2163 862 2228 evomit
879 2186 943 2228 ore.

173 2250 269 2314 corda
285 2262 402 2334 pavent
420 2262 582 2326 comitum3
601 2249 678 2312 mihi
696 2272 785 2314 mens
802 2250 945 2314 interrita
961 2248 1088 2326 mansit,

106 2358 153 2407 alo
173 2334 273 2399 exiliis
292 2346 437 2399 contenta
455 2335 534 2399 suis:
554 2357 625 2398 cum
645 2335 726 2398 colla
742 2334 863 2399 feroces

173 2421 214 2484 od
231 2422 312 2485 freta
329 2433 517 2485 convertunt
534 2419 724 2503 arrectisque
742 2421 870 2484 auribus
888 2420 1018 2485 horrent

173 2506 394 2605 quadrupedes
412 2507 606 2588 monstrique
624 2517 711 2570 metu
729 2506 895 2569 turbantur
913 2518 945 2570 et
962 2506 1033 2569 altis

172 2590 378 2676 praecipitant
397 2614 522 2656 currum
541 2592 689 2676 scopulis.
733 2614 792 2676 ego
811 2592 925 2655 ducere
946 2615 1028 2655 vana

172 2676 262 2741 frena
279 2699 375 2740 manu
393 2677 512 2762 spumis
530 2676 708 2740 albentibus
727 2677 825 2741 oblita
842 2677 953 2753 luctor,

105 2784 155 2833 520
173 2772 204 2826 et
221 2773 303 2826 retro
322 2763 422 2826 lentas
441 2762 535 2826 tendo
553 2761 719 2846 resupinus
738 2761 886 2827 habenas.

173 2870 230 2911 nec
248 2847 330 2911 viros
348 2859 453 2911 tamen
472 2847 528 2911 has
546 2847 649 2911 rabies
667 2859 847 2932 superasset
864 2869 1028 2930 equorum,

172 2932 204 2994 ui
223 2944 305 3008 rota,
324 2946 511 3017 perpetuum
529 2954 592 3015 qua
610 2932 860 2997 circumvertitur
877 2955 980 3009 axem,

172 3017 284 3101 stipitis
302 3039 434 3081 occursu
452 3017 552 3081 fracta
569 3040 606 3081 ac
625 3018 753 3081 disiecta
770 3019 891 3083 fuisset.

173 3102 314 3166 excutior
332 3125 438 3166 curru:
457 3103 595 3186 lorisque
613 3103 792 3167 tenentibus
810 3117 896 3167 artus

104 3210 153 3259 015
173 3187 293 3251 viscera
311 3188 383 3251 viva
401 3188 481 3251 trahi
500 3209 675 3269 nervosque
692 3189 725 3252 in
743 3188 838 3274 stirpe
856 3189 964 3264 teneri,

172 3273 313 3337 membra
330 3273 397 3358 rapi
439 3273 529 3336 artim
547 3274 724 3358 partimque
741 3297 774 3338 re
796 3297 889 3338 rensa
906 3275 1052 3357 relinqui,

172 3380 244 3422 ossa
260 3382 391 3442 gravem
409 3296 483 3422 dare
501 3358 601 3422 fracta
620 3381 747 3435 sonum,
766 3297 945 3442 lbsmmque
963 3361 1088 3426 videres

172 3444 289 3507 exulari
308 3443 458 3517 oninium,
477 3444 641 3526 nullasque
660 3444 692 3506 in
710 3467 840 3529 corpore
859 3458 974 3529 partes,

172 3550 300 3592 noscere
319 3551 397 3611 quas
415 3551 534 3613 posses.
578 3551 739 3612 unumque
758 3544 826 3593 erat
842 3531 949 3593 omnia
965 3532 1092 3596 vulnus.

104 3634 154 3682 530
172 3636 248 3677 num
266 3628 354 3761 potes
372 3630 426 3678 aut
444 3614 542 3678 audes
560 3614 641 3678 eladi
659 3636 846 3699 componere
863 3629 1000 3692 nostrae,

173 3722 270 3783 nymp
282 3722 326 3775 ia,
344 3700 451 3762 tuam?
476 3700 541 3762 vidi
559 3722 686 3782 quoque
704 3723 803 3785 regna
820 3701 960 3765 carentia
977 3702 1061 3777 luce,

172 3800 203 3848 et
222 3785 360 3849 lacerum
378 3784 444 3848 fovi
461 3784 725 3869 Phlegethontide
743 3808 856 3870 eorpus
874 3786 907 3848 iu
925 3787 1024 3851 unda.

171 3890 245 3941 nec.
263 3870 324 3933 nisi
343 3869 529 3954 Apollineae
547 3870 650 3934 valido
669 3871 875 3935 medicamine
892 3873 1002 3955 prolis,

171 3953 294 4018 reddita
311 3955 377 4018 vita
394 3955 484 4019 foret.
550 3977 624 4018 uam
641 3972 809 4039 postquam
826 3954 962 4020 fortibus
979 3958 1090 4025 herbis

104 4060 153 4110 aas
171 4054 266 4122 atque
283 4061 343 4126 ope
361 4040 516 4117 Paeonia,
528 3976 611 4104 bite
628 4041 825 4126 indignante,
842 4043 959 4126 recepi,

171 4138 237 4190 tum
257 4126 348 4203 mihi,
365 4148 406 4192 ne
423 4148 571 4213 praesens
589 4148 739 4211 augerem
756 4126 894 4192 muneris
910 4128 1008 4195 huius
