2574 4478
266 219 634 278 METAMORPHOSEON
650 221 723 276 LIB.
741 221 808 276 XII.
827 221 955 277 42-129.
1061 207 1122 273 201

100 349 190 408 ‘nate
208 343 268 408 dea
285 343 374 427 (nam
391 355 423 409 te
440 345 527 409 fama
543 344 806 430 praenovimus)'‚
823 344 926 429 inquit

100 431 152 494 ille
172 430 264 512 ‘quid
282 429 409 494 anobis
427 430 542 494 vulnus
560 429 683 494 miraris
701 430 844 495 abesse?’
862 467 904 476 -

100 516 275 579 mirabatur
292 515 376 580 enim
393 551 437 562 —
455 521 532 579 ‘non
550 515 644 592 haec,
661 538 757 600 quam
776 515 892 592 cernis,
911 514 1034 600 equinis

100 601 190 664 fulva
206 601 290 664 iubis
309 601 419 676 cassis,
437 622 540 684 neque
558 623 638 666 onus
656 623 735 665 cava
751 623 862 686 parma
880 601 1022 667 sinistrae

101 686 218 750 auxilio
236 685 314 750 mihi
332 697 417 763 sunt3
435 687 530 750 decor
548 697 595 751 est
612 686 773 770 quaesitus
792 687 832 750 ab
849 687 928 751 istis.
1142 709 1175 758 90

100 770 191 834 Mars
209 792 336 855 quoque
353 771 395 835 ob
412 771 472 836 hoo
490 794 603 857 capere
621 795 709 836 arma
726 772 815 837 solet.
841 773 1055 838 removebitur
1072 773 1165 838 huius

100 857 247 941 tegminis
266 856 421 920 officium:
439 867 546 922 tamen
562 857 764 921 indestrictus
781 857 885 921 abibo.

100 955 147 1005 est
165 941 299 1024 aliquid,
316 963 381 1006 non
399 964 467 1007 esse
485 955 589 1006 saturn
605 943 756 1019 Nereide,
774 944 829 1007 sed
848 943 903 1027 qui

98 1027 267 1110 Nereaque
285 1038 317 1092 et
333 1038 424 1091 natas
442 1038 474 1091 et
491 1037 593 1092 totum
610 1037 766 1112 temperet
783 1027 920 1112 aequor.’

99 1113 192 1188 dixit,
212 1124 243 1176 et
261 1112 431 1176 haesurum
448 1112 541 1197 clipei
559 1114 740 1178 curvamine
757 1113 856 1178 telum
1141 1134 1174 1186 95

98 1197 184 1261 misit
201 1198 234 1260 in
251 1198 425 1274 Aeaciden,
444 1198 530 1281 quod
548 1208 580 1262 et
597 1221 650 1263 aes
668 1208 699 1262 et
717 1199 861 1283 proxima
878 1200 962 1285 rupit

98 1294 189 1368 terga
206 1305 330 1347 novena
347 1284 459 1358 boum,
478 1283 599 1347 decimo
618 1295 723 1348 tamen
742 1283 818 1348 orbe
836 1299 992 1350 moratum
1010 1297 1067 1351 est.

99 1368 219 1432 excutit
236 1368 296 1433 hoc
313 1369 406 1432 heros
423 1390 595 1451 rursusque
612 1369 778 1433 trementia
794 1369 868 1434 forti

98 1456 161 1517 tela
178 1477 275 1518 manu
293 1454 396 1517 torsit:
415 1476 523 1518 rursus
542 1454 609 1518 sine
626 1455 757 1519 vulnere
776 1475 889 1539 corpus

98 1540 318 1622 sincerumque
335 1538 405 1602 fuit.
449 1561 508 1604 nec
526 1540 619 1604 tertia
636 1539 741 1624 cuspis
759 1551 905 1624 apertum
1141 1562 1191 1612 100

98 1635 129 1688 et
147 1647 181 1688 se
199 1624 404 1709 praebentem
421 1625 521 1689 valuit
539 1625 734 1710 destringere
753 1623 909 1709 Cycnum.

97 1709 184 1775 haud
202 1731 293 1774 secus
312 1709 443 1787 exarsit,
462 1731 559 1793 quam
576 1710 659 1774 circo
677 1722 786 1775 taurus
804 1721 924 1796 aperto,

97 1817 171 1859 cum
189 1817 249 1859 sua
265 1795 396 1860 terribili
413 1796 493 1882 petit
509 1796 684 1860 irritamina
700 1817 809 1872 comu,

96 1884 262 1966 poeniceas
280 1892 393 1957 vestes,
428 1881 578 1964 elusaque
596 1883 727 1945 vulnera
744 1881 848 1946 sentit.

96 1988 175 2029 num
192 1977 298 2030 tamen
316 1966 466 2031 exciderit
484 1965 617 2044 ferrum,
636 1967 827 2043 considerat,
845 1965 969 2033 hastae:

97 2051 249 2115 haerebat
265 2050 362 2135 ligno·
406 2058 534 2116 ‘manus
553 2062 601 2116 est
618 2075 695 2135 mea,
707 2051 820 2116 debilis
838 2073 925 2137 ergo,

97 2137 255 2218 quasque’
275 2136 318 2200 ait
336 2143 423 2202 ‘ante
441 2136 553 2201 habuit
570 2138 667 2214 vires,
686 2137 798 2201 effudit
814 2137 847 2200 in
865 2136 948 2201 uno?

97 2245 171 2285 nam
190 2232 273 2286 certe
291 2222 404 2298 valuit,
422 2222 473 2286 vel
491 2245 564 2287 cum
581 2221 739 2306 Lyrnesia
755 2222 876 2307 primus

97 2307 223 2371 moenia
241 2307 354 2383 deieci,
372 2308 423 2372 vel
441 2330 514 2371 cum
531 2307 748 2391 Tenedonque
767 2329 888 2390 suoque

97 2392 268 2456 Eetioneas
285 2392 415 2477 implevi
432 2393 586 2477 sanguine
604 2392 743 2466 Thebas,

96 2478 146 2541 vel
166 2500 240 2541 cum
256 2500 434 2562 purpureus
452 2477 598 2563 populari
615 2478 712 2542 caede
731 2475 848 2543 Caicus

96 2563 201 2639 fluxit,
221 2585 364 2647 opusque
381 2586 471 2627 meae
489 2563 538 2627 bis
557 2563 654 2627 sensit
671 2562 832 2648 Telephus
850 2562 970 2628 hastae.

96 2648 148 2712 hio
166 2669 294 2731 quoque
311 2659 359 2712 tot
376 2650 490 2725 caesis,
509 2670 644 2731 quorum
662 2649 811 2732 perlitus
829 2671 959 2713 acervos

97 2745 128 2798 et
145 2734 209 2797 feci
227 2746 258 2797 et
275 2734 382 2810 videa,
400 2734 499 2798 valuit
516 2757 589 2798 mea
606 2734 717 2798 dextra
734 2734 901 2816 valetque!

97 2820 177 2883 dixit
195 2832 239 2893 et,
258 2829 331 2884 ante
348 2819 426 2883 actis
443 2818 542 2883 veluti
559 2820 641 2884 male
659 2820 814 2895 crederet,
832 2819 955 2883 hastam

96 2905 182 2967 misit
199 2905 233 2967 in
250 2905 419 2968 adversum
435 2904 539 2989 Lycia
558 2905 597 2970 de
614 2905 707 2991 plebe
725 2905 896 2969 Menoeten

95 2989 290 3071 loricamque
308 2990 400 3053 simul
419 2990 622 3073 subiectaque
640 3001 768 3075 pectora
784 2990 879 3075 rupit.

96 3096 160 3157 quo
177 3075 348 3158 plangente
365 3097 495 3159 gravem
513 3075 701 3139 moribundo
720 3077 837 3140 vertice
855 3086 980 3153 terram,

97 3159 234 3224 extrahit
251 3160 329 3223 illud
348 3160 432 3224 idem
451 3160 552 3224 calido
571 3161 610 3224 de
629 3162 758 3225 vulnere
776 3163 874 3225 telum

97 3258 193 3327 atque
205 3245 264 3308 ait:
283 3245 376 3308 ‘haec
385 3268 498 3309 manus
508 3257 565 3321 est,
578 3246 667 3323 haec,
682 3268 746 3330 qua
758 3248 853 3310 modo
863 3247 1006 3321 vicimus,
1020 3247 1120 3313 hasta.
1141 3268 1190 3318 120

97 3342 168 3394 utar
185 3330 219 3393 in
236 3329 297 3394 hoc
314 3331 428 3394 isdem:
447 3330 538 3394 sitin
556 3331 630 3406 hoc,
648 3353 775 3417 precor,
794 3332 896 3397 exitus
914 3332 1018 3397 idem?

96 3416 142 3479 sic
160 3416 245 3479 fatur
263 3414 473 3500 Cycnumque
489 3416 581 3501 petit,
599 3439 658 3481 nec
676 3417 819 3482 fraxinus
837 3429 930 3495 errat,

96 3502 193 3583 inque
210 3523 321 3564 umero
339 3502 443 3566 sonuit
461 3523 525 3565 uon
543 3501 660 3566 evitata
676 3502 815 3567 sinistro:

96 3586 171 3650 inde
189 3585 276 3650 velut
293 3609 384 3649 muro
403 3586 565 3669 solidaque
583 3611 602 3650 a
619 3599 710 3652 caute
728 3589 855 3673 repulsa
871 3599 928 3653 est.

96 3693 161 3753 qua
180 3683 285 3735 tamen
303 3671 384 3735 ictus
403 3683 483 3747 erat,
502 3673 660 3755 signatum
679 3673 832 3758 sanguine
851 3670 998 3759 Cycnum
1140 3695 1188 3745 125

96 3757 220 3820 viderat
238 3769 269 3820 et
285 3757 403 3821 frustra
419 3757 522 3820 fuerat
540 3757 669 3841 gavisus
687 3759 844 3823 Achilles:

97 3842 212 3905 vulnus
232 3855 298 3906 erat
315 3843 446 3905 nullum.
472 3843 601 3927 sanguis
620 3844 680 3908 fuit
702 3844 756 3908 ille
772 3844 953 3910 Menoetae.

96 3939 164 3989 tum
183 3949 258 3989 vero
277 3950 428 4012 praeceps
446 3949 540 3991 curru
557 3927 784 3994 fremebundus
801 3929 842 3993 ab
860 3930 924 3995 alto

98 4012 216 4088 desilit,
235 4023 267 4077 et
284 4012 384 4077 nitido
402 4034 549 4078 securum
566 4015 741 4081 comminus
758 4015 882 4082 hostem
