2574 4478
234 158 600 218 METAMORPHOSEON
617 159 688 215 LIB.
708 161 757 219 IV.
777 161 919 218 tta-799.
1044 150 1085 216 73

61 284 211 385 protinus
229 284 457 350 Andromedan
476 295 507 349 et
524 285 602 348 tanti
619 285 758 369 praemia
776 286 850 350 facti

61 370 209 434 mdotata
225 370 317 455 rapit.
360 371 469 436 taedas
487 372 693 455 Hymenaeus
712 373 875 455 Amorque

63 454 282 540 praecutiunt,
299 457 395 541 largis
414 457 566 520 satiantur
583 456 731 520 odoribus
749 457 848 542 ignes,

64 553 214 624 sertaque
232 541 412 626 dependent
429 541 518 606 tectis
537 551 568 605 et
584 541 703 624 ubique
719 543 869 626 lyraeque

64 626 208 710 tibiaque
226 637 258 691 et
275 638 400 704 cantus,
419 626 515 690 animi
532 626 637 690 felicia
653 627 727 691 laeti

65 723 269 797 argumenta,
288 723 409 777 sonant.
453 711 597 776 reseratis
615 735 711 776 aurea
728 712 827 777 valvis

67 798 150 861 atria
168 808 234 861 tota
250 806 368 882 patent,
386 796 582 882 pulchroque
598 797 751 862 instructa
767 808 880 883 paratu

66 879 215 968 Cepheni
231 905 378 968 proceres
396 883 506 947 ineunt
523 882 667 947 convivia
683 884 777 968 regis.

64 982 236 1052 postquam
254 968 355 1052 epulis
372 967 474 1032 functi
491 968 635 1053 generosi
653 992 783 1034 munere
800 969 919 1034 Bacchi

66 1053 224 1117 diffudere
241 1054 376 1129 animos,
394 1054 559 1137 cultusque
576 1075 741 1138 genusque
757 1056 900 1119 locorum
1104 1077 1152 1127 765

66 1139 191 1222 quaerit
208 1137 370 1223 Lyncides
388 1160 553 1221 moresque
571 1139 774 1222 animumque
792 1140 940 1205 virorum.

66 1245 149 1307 quae
168 1223 263 1288 simul
280 1223 419 1300 edocuit,
439 1231 551 1300 muno,
570 1245 589 1288 o
606 1223 794 1300 fortissime,’
814 1226 893 1290 dixit

67 1308 150 1374 ‘fare
168 1308 300 1394 precor,'
319 1305 469 1394 Cepheus
487 1316 619 1392 ‘quanta
635 1309 751 1375 virtute
769 1311 946 1395 quibusque

67 1394 189 1459 artibus
207 1394 374 1459 abstuleris
392 1394 503 1459 crinita
521 1395 709 1459 draconibus
727 1395 801 1459 ora.’

66 1490 174 1544 narrat
191 1479 405 1565 Agenorides,
423 1479 529 1565 gelido
547 1480 607 1544 sub
624 1480 755 1545 Atlante
772 1481 927 1547 iacentem
1016 1497 1155 1564 (Medusa.)

67 1588 135 1631 esse
153 1567 260 1630 locum
277 1565 396 1629 solidae
413 1576 517 1629 tutum
534 1565 707 1630 munimine
724 1567 826 1643 molis,
1104 1592 1151 1637 ⁷71
1169 1589 1173 1596 ·

67 1651 158 1715 cuius
175 1650 210 1715 in
225 1650 355 1715 introitu
371 1650 514 1736 geminas
531 1650 689 1716 habitasse
707 1672 828 1717 sorores

66 1736 258 1812 Phorcidas,
275 1737 370 1800 unius
387 1736 518 1821 partitas
534 1736 662 1800 luminis
679 1759 787 1801 usum:

68 1821 101 1885 id
118 1844 155 1887 se
172 1821 292 1886 sollerti
307 1821 429 1898 firrtim,
448 1823 524 1885 dum
541 1821 682 1899 traditur,
700 1834 770 1886 astu

68 1907 232 1993 supposita
248 1907 370 1992 cepisse
387 1929 499 1984 manu,
517 1928 635 1992 perque
653 1907 761 1971 abdita
777 1907 872 1993 longe

67 1994 224 2076 deviaque
242 2005 273 2057 et
290 1992 377 2056 silvis
395 1992 555 2057 horrentia
571 2016 647 2057 saxa
664 1993 799 2077 fragosis

68 2077 258 2164 Gorgoneas
275 2078 415 2162 tetigisse
433 2078 557 2155 domos,
574 2079 755 2164 passimque
772 2101 828 2163 per
845 2101 938 2163 agros

66 2185 188 2265 perque
205 2163 273 2228 vias
291 2163 406 2228 vidisse
424 2163 586 2227 hominum
603 2164 771 2228 simulacra
786 2163 988 2247 ferarumque

67 2273 100 2314 m
117 2249 239 2314 silicem
257 2271 297 2312 ex
313 2248 390 2333 ipsis
407 2248 476 2313 visa
493 2271 643 2314 conversa
659 2249 811 2313 Medusa:

69 2357 102 2399 se
119 2345 228 2400 tamen
246 2332 420 2398 horrendae
438 2334 544 2419 clipei,
557 2356 652 2418 quem
665 2334 756 2398 laeva
772 2334 912 2418 gerebat,

67 2443 140 2485 aere
157 2442 374 2504 repercussam
391 2419 525 2484 formam
543 2420 703 2503 aspexisse
719 2419 891 2484 Medusae:
1003 2472 1006 2477 .

68 2506 209 2588 dumque
226 2504 331 2590 gravis
349 2526 477 2570 somnus
495 2504 702 2587 colubrasque
719 2504 884 2588 ipsamque
901 2506 1038 2581 tenebat,

68 2591 223 2677 eripuisse
239 2600 334 2675 caput
352 2591 447 2666 oollo;
465 2589 639 2674 pennisque
657 2590 803 2675 fugacem

68 2676 220 2761 Pegason
237 2686 269 2740 et
285 2675 414 2740 fratrem
432 2675 540 2739 matris
559 2676 598 2739 de
615 2675 767 2760 sanguine
784 2686 874 2740 natos

68 2761 191 2826 addidit
207 2771 240 2826 et
256 2760 344 2846 longi
360 2783 425 2826 non
441 2760 523 2825 falsa
539 2760 678 2845 pericula
695 2783 819 2825 cursus:

68 2869 153 2932 quae
169 2846 266 2922 freta,
283 2867 363 2929 quas
381 2855 479 2911 terras
495 2845 555 2910 sub
573 2868 607 2910 se
624 2846 753 2911 vidisset
769 2846 810 2910 ab
828 2847 900 2922 alto,

68 2944 99 2998 et
116 2954 201 3016 quae
217 2931 340 2996 iactatis
357 2931 512 3016 tetigisset
529 2931 632 2995 sidera
649 2932 769 3015 pennis.

69 3029 143 3083 ante
161 3027 361 3102 expectatum
378 3017 477 3081 tacuit
494 3028 609 3081 tamen.
653 3017 770 3102 excipit
785 3039 867 3081 unus

69 3126 107 3169 ex
124 3124 260 3166 numero
279 3123 460 3187 procerum,
478 3123 647 3185 quaerens,
665 3124 721 3166 cur
739 3101 805 3166 sola
822 3124 964 3166 sororum

67 3188 204 3275 gesserit
220 3187 347 3252 alternis
364 3188 524 3252 immixtos
542 3187 679 3252 crinibus
698 3210 828 3273 angues.

110 3275 241 3358 Hospes
258 3273 302 3337 ait
320 3273 483 3357 ‘quoniam
501 3273 621 3337 scitaris
640 3273 737 3358 digna
753 3274 864 3350 relatu,

67 3360 178 3445 accipe
196 3357 330 3443 quaesiti
347 3379 485 3422 oausam.
528 3359 700 3422 clarissima
716 3358 818 3423 forma

68 3446 305 3527 multorumque
321 3443 382 3508 fuit
399 3467 471 3529 spes
487 3443 642 3507 invidiosa
659 3466 826 3528 procorum

67 3533 137 3608 illa;
153 3552 215 3595 nec
231 3530 265 3594 in
282 3540 349 3594 tota
366 3527 561 3613 conspectior
577 3528 643 3593 ulla
659 3529 779 3614 capillis

89 3639 143 3681 ars
160 3615 231 3680 fuit.
273 3614 394 3692 inveni,
412 3613 467 3698 qui
485 3635 518 3678 se
536 3614 651 3679 vidisse
667 3613 807 3679 referret.

134 3724 153 3767 c
169 3699 276 3788 pelagi
291 3712 394 3765 rector
410 3699 529 3784 templo
546 3699 673 3763 vitiasse
690 3699 855 3764 Minervae

69 3788 196 3852 dicitnr.
239 3808 349 3851 aversa
365 3795 414 3851 est
432 3795 464 3850 et
480 3794 582 3850 castos
600 3784 711 3869 aegide
729 3784 833 3848 vultus

68 3883 146 3939 nata
161 3871 250 3937 Iovis
267 3871 355 3937 texit.
398 3893 480 3936 neve
497 3869 558 3935 hoe
575 3869 704 3954 impune
721 3870 842 3946 fuisset,

70 3957 280 4045 Gorgoneum
297 3957 415 4024 crinem
432 3967 540 4044 turpes
557 3956 691 4021 mutavit
706 3956 739 4021 in
756 3954 893 4047 hydros?
