<?xml version="1.0" encoding="UTF-8"?>
<!DOCTYPE html PUBLIC "-//W3C//DTD XHTML 1.0 Transitional//EN"
    "http://www.w3.org/TR/xhtml1/DTD/xhtml1-transitional.dtd">
<html xmlns="http://www.w3.org/1999/xhtml" xml:lang="en" lang="en">
 <head>
  <title>
</title>
<meta http-equiv="Content-Type" content="text/html;charset=utf-8" />
  <meta name='ocr-system' content='tesseract 3.04.00' />
  <meta name='ocr-capabilities' content='ocr_page ocr_carea ocr_par ocr_line ocrx_word'/>
</head>
<body>
  <div class='ocr_page' id='page_1' title='image "./carmina03ovidgoog_0189.png"; bbox 0 0 2574 4478; ppageno 0'>
   <div class='ocr_carea' id='block_1_1' title="bbox 240 202 925 289">
    <p class='ocr_par' dir='ltr' id='par_1_1' title="bbox 240 202 925 289">
     <span class='ocr_line' id='line_1_1' title="bbox 240 202 925 289; baseline 0 -3"><span class='ocrx_word' id='word_1_1' title='bbox 240 217 302 286; x_wconf 80' lang='lat'>134</span> <span class='ocrx_word' id='word_1_2' title='bbox 570 231 603 286; x_wconf 78' lang='lat' dir='ltr'>r.</span> <span class='ocrx_word' id='word_1_3' title='bbox 623 231 747 289; x_wconf 84' lang='lat' dir='ltr'>ovmn</span> <span class='ocrx_word' id='word_1_4' title='bbox 763 202 925 288; x_wconf 72' lang='lat' dir='ltr'>ursolus</span> 
     </span>
    </p>
   </div>
   <div class='ocr_carea' id='block_1_2' title="bbox 156 355 1226 3520">
    <p class='ocr_par' dir='ltr' id='par_1_2' title="bbox 238 355 1226 526">
     <span class='ocr_line' id='line_1_2' title="bbox 238 355 1226 443; baseline 0 -22"><span class='ocrx_word' id='word_1_5' title='bbox 238 357 461 443; x_wconf 83' lang='lat' dir='ltr'>Hippocoonte</span> <span class='ocrx_word' id='word_1_6' title='bbox 478 366 575 421; x_wconf 86' lang='lat' dir='ltr'>satus.</span> <span class='ocrx_word' id='word_1_7' title='bbox 619 355 828 441; x_wconf 79' lang='lat' dir='ltr'>trepidantem</span> <span class='ocrx_word' id='word_1_8' title='bbox 845 366 876 420; x_wconf 93' lang='lat' dir='ltr'>et</span> <span class='ocrx_word' id='word_1_9' title='bbox 892 365 984 441; x_wconf 85' lang='lat' dir='ltr'>terga</span> <span class='ocrx_word' id='word_1_10' title='bbox 1000 364 1165 440; x_wconf 89' lang='lat' dir='ltr'>parantem</span> <span class='ocrx_word' id='word_1_11' title='bbox 1223 377 1226 381; x_wconf 72' lang='grc'>’</span> 
     </span>
     <span class='ocr_line' id='line_1_3' title="bbox 239 440 931 526; baseline -0.006 -18"><span class='ocrx_word' id='word_1_12' title='bbox 239 455 362 508; x_wconf 86' lang='lat' dir='ltr'>vertere</span> <span class='ocrx_word' id='word_1_13' title='bbox 380 442 502 508; x_wconf 86' lang='lat' dir='ltr'>succiso</span> <span class='ocrx_word' id='word_1_14' title='bbox 519 442 680 526; x_wconf 91' lang='lat' dir='ltr'>liquerunt</span> <span class='ocrx_word' id='word_1_15' title='bbox 697 441 816 525; x_wconf 87' lang='lat' dir='ltr'>poplite</span> <span class='ocrx_word' id='word_1_16' title='bbox 832 440 931 505; x_wconf 86' lang='lat' dir='ltr'>nervi.</span> 
     </span>
    </p>

    <p class='ocr_par' dir='ltr' id='par_1_3' title="bbox 172 526 1081 953">
     <span class='ocr_line' id='line_1_4' title="bbox 172 526 949 611; baseline -0.01 -13"><span class='ocrx_word' id='word_1_17' title='bbox 172 549 221 598; x_wconf 80' lang='lat'>365</span> <span class='ocrx_word' id='word_1_18' title='bbox 240 529 371 594; x_wconf 83' lang='lat' dir='ltr'>forsitan</span> <span class='ocrx_word' id='word_1_19' title='bbox 388 539 419 593; x_wconf 92' lang='lat' dir='ltr'>et</span> <span class='ocrx_word' id='word_1_20' title='bbox 436 527 548 611; x_wconf 89' lang='lat' dir='ltr'>Pylius</span> <span class='ocrx_word' id='word_1_21' title='bbox 566 527 644 591; x_wconf 86' lang='lat' dir='ltr'>citra</span> <span class='ocrx_word' id='word_1_22' title='bbox 660 526 800 591; x_wconf 81' lang='lat' dir='ltr'>Troiana</span> <span class='ocrx_word' id='word_1_23' title='bbox 816 527 949 611; x_wconf 88' lang='lat' dir='ltr'>perisset</span> 
     </span>
     <span class='ocr_line' id='line_1_5' title="bbox 240 610 1081 699; baseline -0.001 -20"><span class='ocrx_word' id='word_1_24' title='bbox 240 625 394 699; x_wconf 88' lang='lat' dir='ltr'>tempora:</span> <span class='ocrx_word' id='word_1_25' title='bbox 413 614 469 678; x_wconf 90' lang='lat' dir='ltr'>sed</span> <span class='ocrx_word' id='word_1_26' title='bbox 486 623 610 697; x_wconf 85' lang='lat' dir='ltr'>sumpto</span> <span class='ocrx_word' id='word_1_27' title='bbox 628 611 732 697; x_wconf 90' lang='lat' dir='ltr'>posita</span> <span class='ocrx_word' id='word_1_28' title='bbox 749 610 913 677; x_wconf 89' lang='lat' dir='ltr'>conamine</span> <span class='ocrx_word' id='word_1_29' title='bbox 930 613 972 678; x_wconf 85' lang='lat' dir='ltr'>ab</span> <span class='ocrx_word' id='word_1_30' title='bbox 989 613 1081 679; x_wconf 88' lang='lat' dir='ltr'>hasta</span> 
     </span>
     <span class='ocr_line' id='line_1_6' title="bbox 241 697 1030 783; baseline -0.001 -20"><span class='ocrx_word' id='word_1_31' title='bbox 241 699 360 764; x_wconf 87' lang='lat' dir='ltr'>arboris</span> <span class='ocrx_word' id='word_1_32' title='bbox 377 699 510 775; x_wconf 84' lang='lat' dir='ltr'>insiluit,</span> <span class='ocrx_word' id='word_1_33' title='bbox 528 720 610 781; x_wconf 88' lang='lat' dir='ltr'>quae</span> <span class='ocrx_word' id='word_1_34' title='bbox 627 698 732 762; x_wconf 87' lang='lat' dir='ltr'>stabat</span> <span class='ocrx_word' id='word_1_35' title='bbox 748 697 905 783; x_wconf 91' lang='lat' dir='ltr'>proxima,</span> <span class='ocrx_word' id='word_1_36' title='bbox 923 699 1030 775; x_wconf 87' lang='lat' dir='ltr'>ramis,</span> 
     </span>
     <span class='ocr_line' id='line_1_7' title="bbox 241 783 1076 870; baseline 0.002 -22"><span class='ocrx_word' id='word_1_37' title='bbox 241 785 448 870; x_wconf 82' lang='lat' dir='ltr'>despexitque</span> <span class='ocrx_word' id='word_1_38' title='bbox 464 785 534 848; x_wconf 92' lang='lat' dir='ltr'>loco</span> <span class='ocrx_word' id='word_1_39' title='bbox 552 794 653 861; x_wconf 87' lang='lat' dir='ltr'>tutus,</span> <span class='ocrx_word' id='word_1_40' title='bbox 671 805 767 867; x_wconf 88' lang='lat' dir='ltr'>quern</span> <span class='ocrx_word' id='word_1_41' title='bbox 783 784 924 868; x_wconf 84' lang='lat' dir='ltr'>fugerat,</span> <span class='ocrx_word' id='word_1_42' title='bbox 942 783 1076 850; x_wconf 83' lang='lat' dir='ltr'>hostem.</span> 
     </span>
     <span class='ocr_line' id='line_1_8' title="bbox 242 869 972 953; baseline -0.003 -19"><span class='ocrx_word' id='word_1_43' title='bbox 242 871 388 935; x_wconf 88' lang='lat' dir='ltr'>dentibus</span> <span class='ocrx_word' id='word_1_44' title='bbox 405 870 458 934; x_wconf 94' lang='lat' dir='ltr'>ille</span> <span class='ocrx_word' id='word_1_45' title='bbox 475 869 566 934; x_wconf 90' lang='lat' dir='ltr'>ferox</span> <span class='ocrx_word' id='word_1_46' title='bbox 582 869 616 933; x_wconf 93' lang='lat' dir='ltr'>in</span> <span class='ocrx_word' id='word_1_47' title='bbox 634 890 753 951; x_wconf 91' lang='lat' dir='ltr'>querno</span> <span class='ocrx_word' id='word_1_48' title='bbox 771 869 875 953; x_wconf 91' lang='lat' dir='ltr'>stipite</span> <span class='ocrx_word' id='word_1_49' title='bbox 892 869 972 933; x_wconf 88' lang='lat' dir='ltr'>tritis</span> 
     </span>
    </p>

    <p class='ocr_par' dir='ltr' id='par_1_4' title="bbox 174 954 1052 1382">
     <span class='ocr_line' id='line_1_9' title="bbox 174 954 994 1039; baseline -0.001 -20"><span class='ocrx_word' id='word_1_50' title='bbox 174 977 223 1026; x_wconf 78' lang='lat' dir='ltr'>aro</span> <span class='ocrx_word' id='word_1_51' title='bbox 240 957 382 1020; x_wconf 91' lang='lat' dir='ltr'>imminet</span> <span class='ocrx_word' id='word_1_52' title='bbox 400 954 504 1032; x_wconf 89' lang='lat' dir='ltr'>exitio,</span> <span class='ocrx_word' id='word_1_53' title='bbox 522 955 685 1039; x_wconf 84' lang='lat' dir='ltr'>fidensque</span> <span class='ocrx_word' id='word_1_54' title='bbox 703 955 880 1019; x_wconf 87' lang='lat' dir='ltr'>recentibus</span> <span class='ocrx_word' id='word_1_55' title='bbox 899 955 994 1019; x_wconf 89' lang='lat' dir='ltr'>armis</span> 
     </span>
     <span class='ocr_line' id='line_1_10' title="bbox 240 1040 1052 1126; baseline 0.002 -22"><span class='ocrx_word' id='word_1_56' title='bbox 240 1041 414 1125; x_wconf 84' lang='lat' dir='ltr'>Eurytidae</span> <span class='ocrx_word' id='word_1_57' title='bbox 431 1040 539 1126; x_wconf 89' lang='lat' dir='ltr'>magui</span> <span class='ocrx_word' id='word_1_58' title='bbox 555 1052 656 1105; x_wconf 87' lang='lat' dir='ltr'>rostro</span> <span class='ocrx_word' id='word_1_59' title='bbox 674 1040 778 1105; x_wconf 88' lang='lat' dir='ltr'>femur</span> <span class='ocrx_word' id='word_1_60' title='bbox 794 1040 900 1104; x_wconf 89' lang='lat' dir='ltr'>hausit</span> <span class='ocrx_word' id='word_1_61' title='bbox 917 1041 1052 1106; x_wconf 72' lang='lat' dir='ltr'>adunco</span> 
     </span>
     <span class='ocr_line' id='line_1_11' title="bbox 241 1125 1017 1276; baseline 0 -85"><span class='ocrx_word' id='word_1_62' title='bbox 241 1138 275 1191; x_wconf 90' lang='lat' dir='ltr'>at</span> <span class='ocrx_word' id='word_1_63' title='bbox 290 1126 423 1276; x_wconf 60' lang='grc' dir='ltr'>ἰεωὶῃὶ,</span> <span class='ocrx_word' id='word_1_64' title='bbox 440 1127 583 1191; x_wconf 90' lang='lat' dir='ltr'>nondum</span> <span class='ocrx_word' id='word_1_65' title='bbox 600 1126 747 1191; x_wconf 89' lang='lat' dir='ltr'>caelestia</span> <span class='ocrx_word' id='word_1_66' title='bbox 764 1125 876 1202; x_wconf 86' lang='lat' dir='ltr'>sidera,</span> <span class='ocrx_word' id='word_1_67' title='bbox 894 1125 1017 1203; x_wconf 85' lang='lat' dir='ltr'>fratres,</span> 
     </span>
     <span class='ocr_line' id='line_1_12' title="bbox 241 1211 984 1297; baseline 0 -21"><span class='ocrx_word' id='word_1_68' title='bbox 241 1235 292 1276; x_wconf 92' lang='lat' dir='ltr'>am</span> <span class='ocrx_word' id='word_1_69' title='bbox 316 1234 335 1277; x_wconf 92' lang='grc' dir='ltr'>ο</span> <span class='ocrx_word' id='word_1_70' title='bbox 353 1211 528 1297; x_wconf 80' lang='lat' dir='ltr'>conspicui,</span> <span class='ocrx_word' id='word_1_71' title='bbox 546 1212 619 1276; x_wconf 89' lang='lat' dir='ltr'>nive</span> <span class='ocrx_word' id='word_1_72' title='bbox 637 1211 871 1276; x_wconf 87' lang='lat' dir='ltr'>candidioribus</span> <span class='ocrx_word' id='word_1_73' title='bbox 889 1212 984 1276; x_wconf 89' lang='lat' dir='ltr'>ambo</span> 
     </span>
     <span class='ocr_line' id='line_1_13' title="bbox 241 1297 1005 1382; baseline 0.001 -21"><span class='ocrx_word' id='word_1_74' title='bbox 241 1297 448 1363; x_wconf 87' lang='lat' dir='ltr'>vectabantur</span> <span class='ocrx_word' id='word_1_75' title='bbox 464 1298 568 1381; x_wconf 85' lang='lat' dir='ltr'>equis,</span> <span class='ocrx_word' id='word_1_76' title='bbox 587 1297 680 1362; x_wconf 87' lang='lat' dir='ltr'>ambo</span> <span class='ocrx_word' id='word_1_77' title='bbox 698 1297 822 1362; x_wconf 87' lang='lat' dir='ltr'>vibrata</span> <span class='ocrx_word' id='word_1_78' title='bbox 838 1319 895 1382; x_wconf 89' lang='lat' dir='ltr'>per</span> <span class='ocrx_word' id='word_1_79' title='bbox 912 1320 1005 1362; x_wconf 89' lang='lat' dir='ltr'>auras</span> 
     </span>
    </p>

    <p class='ocr_par' dir='ltr' id='par_1_5' title="bbox 174 1382 1021 1554">
     <span class='ocr_line' id='line_1_14' title="bbox 174 1382 1008 1467; baseline -0.004 -17"><span class='ocrx_word' id='word_1_80' title='bbox 174 1402 222 1451; x_wconf 81' lang='lat'>375</span> <span class='ocrx_word' id='word_1_81' title='bbox 240 1383 402 1447; x_wconf 87' lang='lat' dir='ltr'>hastarum</span> <span class='ocrx_word' id='word_1_82' title='bbox 420 1385 554 1448; x_wconf 90' lang='lat' dir='ltr'>tremulo</span> <span class='ocrx_word' id='word_1_83' title='bbox 571 1383 754 1466; x_wconf 87' lang='lat' dir='ltr'>quatiebant</span> <span class='ocrx_word' id='word_1_84' title='bbox 773 1382 894 1467; x_wconf 87' lang='lat' dir='ltr'>spicula</span> <span class='ocrx_word' id='word_1_85' title='bbox 910 1393 1008 1447; x_wconf 88' lang='lat' dir='ltr'>motu.</span> 
     </span>
     <span class='ocr_line' id='line_1_15' title="bbox 241 1468 1021 1554; baseline -0.001 -21"><span class='ocrx_word' id='word_1_86' title='bbox 241 1469 371 1533; x_wconf 88' lang='lat' dir='ltr'>vulnera</span> <span class='ocrx_word' id='word_1_87' title='bbox 388 1469 550 1547; x_wconf 87' lang='lat' dir='ltr'>fecissent,</span> <span class='ocrx_word' id='word_1_88' title='bbox 567 1469 628 1533; x_wconf 88' lang='lat' dir='ltr'>nisi</span> <span class='ocrx_word' id='word_1_89' title='bbox 646 1469 781 1554; x_wconf 85' lang='lat' dir='ltr'>saetiger</span> <span class='ocrx_word' id='word_1_90' title='bbox 797 1468 879 1533; x_wconf 91' lang='lat' dir='ltr'>inter</span> <span class='ocrx_word' id='word_1_91' title='bbox 895 1490 1021 1554; x_wconf 89' lang='lat' dir='ltr'>opacas,</span> 
     </span>
    </p>

    <p class='ocr_par' dir='ltr' id='par_1_6' title="bbox 156 1554 1085 1810">
     <span class='ocr_line' id='line_1_16' title="bbox 156 1554 1072 1655; baseline 0.001 -37"><span class='ocrx_word' id='word_1_92' title='bbox 156 1633 157 1636; x_wconf 8' lang='grc' dir='ltr'><strong>Ἴ</strong></span> <span class='ocrx_word' id='word_1_93' title='bbox 240 1575 299 1619; x_wconf 88' lang='lat' dir='ltr'>nec</span> <span class='ocrx_word' id='word_1_94' title='bbox 316 1554 442 1632; x_wconf 90' lang='lat' dir='ltr'>iaculis,</span> <span class='ocrx_word' id='word_1_95' title='bbox 459 1554 547 1632; x_wconf 90' lang='lat' dir='ltr'>isset,</span> <span class='ocrx_word' id='word_1_96' title='bbox 565 1576 723 1638; x_wconf 84' lang='lat' dir='ltr'>neceque</span> <span class='ocrx_word' id='word_1_97' title='bbox 740 1555 810 1618; x_wconf 88' lang='lat' dir='ltr'>loca</span> <span class='ocrx_word' id='word_1_98' title='bbox 826 1554 949 1655; x_wconf 88' lang='lat' dir='ltr'>pervia,</span> <span class='ocrx_word' id='word_1_99' title='bbox 967 1554 1072 1619; x_wconf 87' lang='lat' dir='ltr'>silvas.</span> 
     </span>
     <span class='ocr_line' id='line_1_17' title="bbox 240 1639 1085 1725; baseline -0.001 -20"><span class='ocrx_word' id='word_1_100' title='bbox 240 1640 439 1725; x_wconf 91' lang='lat' dir='ltr'>persequitur</span> <span class='ocrx_word' id='word_1_101' title='bbox 454 1639 622 1716; x_wconf 85' lang='lat' dir='ltr'>Telamon,</span> <span class='ocrx_word' id='word_1_102' title='bbox 641 1639 808 1723; x_wconf 92' lang='lat' dir='ltr'>studioque</span> <span class='ocrx_word' id='word_1_103' title='bbox 825 1650 971 1705; x_wconf 83' lang='lat' dir='ltr'>mcautus</span> <span class='ocrx_word' id='word_1_104' title='bbox 989 1640 1085 1704; x_wconf 90' lang='lat' dir='ltr'>eundi</span> 
     </span>
     <span class='ocr_line' id='line_1_18' title="bbox 240 1725 985 1810; baseline 0 -21"><span class='ocrx_word' id='word_1_105' title='bbox 240 1747 359 1810; x_wconf 92' lang='lat' dir='ltr'>pronus</span> <span class='ocrx_word' id='word_1_106' title='bbox 376 1725 418 1789; x_wconf 90' lang='lat' dir='ltr'>ab</span> <span class='ocrx_word' id='word_1_107' title='bbox 434 1726 567 1791; x_wconf 90' lang='lat' dir='ltr'>arborea</span> <span class='ocrx_word' id='word_1_108' title='bbox 584 1725 696 1791; x_wconf 88' lang='lat' dir='ltr'>cecidit</span> <span class='ocrx_word' id='word_1_109' title='bbox 712 1726 818 1790; x_wconf 89' lang='lat' dir='ltr'>radice</span> <span class='ocrx_word' id='word_1_110' title='bbox 834 1735 985 1790; x_wconf 88' lang='lat' dir='ltr'>retentus.</span> 
     </span>
    </p>

    <p class='ocr_par' dir='ltr' id='par_1_7' title="bbox 173 1810 1155 2230">
     <span class='ocr_line' id='line_1_19' title="bbox 173 1810 1155 1896; baseline 0.004 -22"><span class='ocrx_word' id='word_1_111' title='bbox 173 1831 223 1881; x_wconf 83' lang='lat'>380</span> <span class='ocrx_word' id='word_1_112' title='bbox 240 1811 318 1874; x_wconf 93' lang='lat' dir='ltr'>dum</span> <span class='ocrx_word' id='word_1_113' title='bbox 334 1812 419 1876; x_wconf 91' lang='lat' dir='ltr'>levat</span> <span class='ocrx_word' id='word_1_114' title='bbox 436 1810 520 1876; x_wconf 90' lang='lat' dir='ltr'>hunc</span> <span class='ocrx_word' id='word_1_115' title='bbox 537 1810 669 1888; x_wconf 89' lang='lat' dir='ltr'>Peleus,</span> <span class='ocrx_word' id='word_1_116' title='bbox 688 1811 822 1876; x_wconf 90' lang='lat' dir='ltr'>celerem</span> <span class='ocrx_word' id='word_1_117' title='bbox 838 1811 986 1896; x_wconf 81' lang='lat' dir='ltr'>Tegeaea</span> <span class='ocrx_word' id='word_1_118' title='bbox 1004 1811 1155 1896; x_wconf 80' lang='lat' dir='ltr'>sagittam</span> 
     </span>
     <span class='ocr_line' id='line_1_20' title="bbox 240 1896 949 1982; baseline 0 -22"><span class='ocrx_word' id='word_1_119' title='bbox 240 1896 390 1981; x_wconf 89' lang='lat' dir='ltr'>imposuit</span> <span class='ocrx_word' id='word_1_120' title='bbox 406 1918 504 1961; x_wconf 88' lang='lat' dir='ltr'>nervo</span> <span class='ocrx_word' id='word_1_121' title='bbox 521 1896 708 1979; x_wconf 88' lang='lat' dir='ltr'>sinuatoque</span> <span class='ocrx_word' id='word_1_122' title='bbox 725 1897 846 1982; x_wconf 88' lang='lat' dir='ltr'>expulit</span> <span class='ocrx_word' id='word_1_123' title='bbox 864 1918 949 1961; x_wconf 85' lang='lat' dir='ltr'>arcu.</span> 
     </span>
     <span class='ocr_line' id='line_1_21' title="bbox 240 1981 1075 2047; baseline 0.002 -2"><span class='ocrx_word' id='word_1_124' title='bbox 240 1981 304 2045; x_wconf 86' lang='lat' dir='ltr'>fixa</span> <span class='ocrx_word' id='word_1_125' title='bbox 322 1981 382 2046; x_wconf 90' lang='lat' dir='ltr'>sub</span> <span class='ocrx_word' id='word_1_126' title='bbox 400 2004 476 2046; x_wconf 87' lang='lat' dir='ltr'>aure</span> <span class='ocrx_word' id='word_1_127' title='bbox 493 1981 553 2046; x_wconf 92' lang='lat' dir='ltr'>feri</span> <span class='ocrx_word' id='word_1_128' title='bbox 570 2004 730 2046; x_wconf 91' lang='lat' dir='ltr'>summum</span> <span class='ocrx_word' id='word_1_129' title='bbox 747 1982 912 2047; x_wconf 88' lang='lat' dir='ltr'>destrinxit</span> <span class='ocrx_word' id='word_1_130' title='bbox 930 1982 1075 2047; x_wconf 90' lang='lat' dir='ltr'>harundo</span> 
     </span>
     <span class='ocr_line' id='line_1_22' title="bbox 242 2067 1029 2167; baseline 0 -36"><span class='ocrx_word' id='word_1_131' title='bbox 242 2089 356 2152; x_wconf 91' lang='lat' dir='ltr'>corpus</span> <span class='ocrx_word' id='word_1_132' title='bbox 362 2114 371 2144; x_wconf 94' lang='lat'>,</span> <span class='ocrx_word' id='word_1_133' title='bbox 390 2078 422 2131; x_wconf 90' lang='lat' dir='ltr'>et</span> <span class='ocrx_word' id='word_1_134' title='bbox 439 2067 555 2153; x_wconf 87' lang='lat' dir='ltr'>exiguo</span> <span class='ocrx_word' id='word_1_135' title='bbox 572 2067 728 2133; x_wconf 87' lang='lat' dir='ltr'>rubefecit</span> <span class='ocrx_word' id='word_1_136' title='bbox 745 2067 899 2167; x_wconf 84' lang='lat' dir='ltr'>sanguine</span> <span class='ocrx_word' id='word_1_137' title='bbox 917 2077 1029 2132; x_wconf 83' lang='lat' dir='ltr'>saetas.</span> 
     </span>
     <span class='ocr_line' id='line_1_23' title="bbox 241 2152 963 2230; baseline 0.001 -14"><span class='ocrx_word' id='word_1_138' title='bbox 241 2174 300 2217; x_wconf 90' lang='lat' dir='ltr'>nee</span> <span class='ocrx_word' id='word_1_139' title='bbox 318 2163 424 2217; x_wconf 89' lang='lat' dir='ltr'>tamen</span> <span class='ocrx_word' id='word_1_140' title='bbox 441 2152 495 2216; x_wconf 89' lang='lat' dir='ltr'>illa</span> <span class='ocrx_word' id='word_1_141' title='bbox 513 2152 562 2217; x_wconf 87' lang='lat' dir='ltr'>sui</span> <span class='ocrx_word' id='word_1_142' title='bbox 579 2174 727 2218; x_wconf 89' lang='lat' dir='ltr'>successu</span> <span class='ocrx_word' id='word_1_143' title='bbox 744 2153 855 2218; x_wconf 85' lang='lat' dir='ltr'>laetior</span> <span class='ocrx_word' id='word_1_144' title='bbox 871 2153 963 2230; x_wconf 87' lang='lat' dir='ltr'>ictus,</span> 
     </span>
    </p>

    <p class='ocr_par' dir='ltr' id='par_1_8' title="bbox 173 2237 1106 2664">
     <span class='ocr_line' id='line_1_24' title="bbox 173 2237 1076 2324; baseline -0.004 -18"><span class='ocrx_word' id='word_1_145' title='bbox 173 2257 222 2306; x_wconf 81' lang='lat'>385</span> <span class='ocrx_word' id='word_1_146' title='bbox 240 2260 336 2321; x_wconf 89' lang='lat' dir='ltr'>quam</span> <span class='ocrx_word' id='word_1_147' title='bbox 354 2237 537 2324; x_wconf 83' lang='lat' dir='ltr'>Meleagros</span> <span class='ocrx_word' id='word_1_148' title='bbox 556 2248 632 2303; x_wconf 87' lang='lat' dir='ltr'>erat.</span> <span class='ocrx_word' id='word_1_149' title='bbox 675 2238 794 2323; x_wconf 86' lang='lat' dir='ltr'>primus</span> <span class='ocrx_word' id='word_1_150' title='bbox 813 2238 928 2302; x_wconf 88' lang='lat' dir='ltr'>vidisse</span> <span class='ocrx_word' id='word_1_151' title='bbox 946 2248 1076 2323; x_wconf 90' lang='lat' dir='ltr'>putatur</span> 
     </span>
     <span class='ocr_line' id='line_1_25' title="bbox 241 2323 1004 2408; baseline 0 -21"><span class='ocrx_word' id='word_1_152' title='bbox 241 2332 273 2388; x_wconf 90' lang='lat' dir='ltr'>et</span> <span class='ocrx_word' id='word_1_153' title='bbox 289 2323 409 2408; x_wconf 91' lang='lat' dir='ltr'>primus</span> <span class='ocrx_word' id='word_1_154' title='bbox 428 2323 520 2388; x_wconf 86' lang='lat' dir='ltr'>sociis</span> <span class='ocrx_word' id='word_1_155' title='bbox 538 2323 642 2387; x_wconf 89' lang='lat' dir='ltr'>visum</span> <span class='ocrx_word' id='word_1_156' title='bbox 659 2324 833 2389; x_wconf 88' lang='lat' dir='ltr'>ostendisse</span> <span class='ocrx_word' id='word_1_157' title='bbox 851 2344 1004 2400; x_wconf 90' lang='lat' dir='ltr'>eruorem,</span> 
     </span>
     <span class='ocr_line' id='line_1_26' title="bbox 240 2408 1042 2474; baseline -0.001 -1"><span class='ocrx_word' id='word_1_158' title='bbox 240 2418 271 2473; x_wconf 93' lang='lat' dir='ltr'>et</span> <span class='ocrx_word' id='word_1_159' title='bbox 289 2408 462 2473; x_wconf 85' lang='lat' dir='ltr'>‘meritum’</span> <span class='ocrx_word' id='word_1_160' title='bbox 482 2408 598 2474; x_wconf 86' lang='lat' dir='ltr'>dixisse</span> <span class='ocrx_word' id='word_1_161' title='bbox 617 2409 713 2474; x_wconf 87' lang='lat' dir='ltr'>‘feres</span> <span class='ocrx_word' id='word_1_162' title='bbox 731 2409 854 2474; x_wconf 91' lang='lat' dir='ltr'>virtutis</span> <span class='ocrx_word' id='word_1_163' title='bbox 871 2408 1042 2473; x_wconf 90' lang='lat' dir='ltr'>honorem.&#39;</span> 
     </span>
     <span class='ocr_line' id='line_1_27' title="bbox 240 2493 996 2577; baseline -0.004 -17"><span class='ocrx_word' id='word_1_164' title='bbox 240 2493 394 2560; x_wconf 88' lang='lat' dir='ltr'>erubuere</span> <span class='ocrx_word' id='word_1_165' title='bbox 411 2494 470 2558; x_wconf 86' lang='lat' dir='ltr'>viri</span> <span class='ocrx_word' id='word_1_166' title='bbox 488 2516 585 2577; x_wconf 91' lang='lat' dir='ltr'>seque</span> <span class='ocrx_word' id='word_1_167' title='bbox 603 2494 809 2561; x_wconf 86' lang='lat' dir='ltr'>exhortantur</span> <span class='ocrx_word' id='word_1_168' title='bbox 826 2505 858 2560; x_wconf 91' lang='lat' dir='ltr'>et</span> <span class='ocrx_word' id='word_1_169' title='bbox 875 2494 996 2559; x_wconf 89' lang='lat' dir='ltr'>addunt</span> 
     </span>
     <span class='ocr_line' id='line_1_28' title="bbox 239 2579 1106 2664; baseline 0.001 -21"><span class='ocrx_word' id='word_1_170' title='bbox 239 2601 313 2644; x_wconf 90' lang='lat' dir='ltr'>cum</span> <span class='ocrx_word' id='word_1_171' title='bbox 331 2579 467 2644; x_wconf 88' lang='lat' dir='ltr'>clamore</span> <span class='ocrx_word' id='word_1_172' title='bbox 484 2580 606 2644; x_wconf 89' lang='lat' dir='ltr'>animos</span> <span class='ocrx_word' id='word_1_173' title='bbox 622 2580 804 2664; x_wconf 88' lang='lat' dir='ltr'>iaciuntque</span> <span class='ocrx_word' id='word_1_174' title='bbox 821 2581 889 2645; x_wconf 88' lang='lat' dir='ltr'>sine</span> <span class='ocrx_word' id='word_1_175' title='bbox 906 2579 1015 2645; x_wconf 93' lang='lat' dir='ltr'>ordine</span> <span class='ocrx_word' id='word_1_176' title='bbox 1033 2579 1106 2644; x_wconf 89' lang='lat' dir='ltr'>tela.</span> 
     </span>
    </p>

    <p class='ocr_par' dir='ltr' id='par_1_9' title="bbox 172 2664 1079 2922">
     <span class='ocr_line' id='line_1_29' title="bbox 172 2664 1079 2750; baseline -0.003 -19"><span class='ocrx_word' id='word_1_177' title='bbox 172 2684 221 2733; x_wconf 82' lang='grc'>390</span> <span class='ocrx_word' id='word_1_178' title='bbox 239 2664 333 2729; x_wconf 87' lang='lat' dir='ltr'>turba</span> <span class='ocrx_word' id='word_1_179' title='bbox 350 2676 442 2731; x_wconf 87' lang='lat' dir='ltr'>nocet</span> <span class='ocrx_word' id='word_1_180' title='bbox 458 2665 564 2742; x_wconf 86' lang='lat' dir='ltr'>iactis,</span> <span class='ocrx_word' id='word_1_181' title='bbox 583 2675 615 2731; x_wconf 91' lang='lat' dir='ltr'>et</span> <span class='ocrx_word' id='word_1_182' title='bbox 632 2687 712 2748; x_wconf 88' lang='lat' dir='ltr'>quos</span> <span class='ocrx_word' id='word_1_183' title='bbox 730 2667 822 2750; x_wconf 92' lang='lat' dir='ltr'>petit,</span> <span class='ocrx_word' id='word_1_184' title='bbox 840 2665 972 2750; x_wconf 90' lang='lat' dir='ltr'>impedit</span> <span class='ocrx_word' id='word_1_185' title='bbox 988 2665 1079 2729; x_wconf 90' lang='lat' dir='ltr'>ictus.</span> 
     </span>
     <span class='ocr_line' id='line_1_30' title="bbox 240 2750 1039 2835; baseline -0.003 -19"><span class='ocrx_word' id='word_1_186' title='bbox 240 2771 313 2816; x_wconf 90' lang='lat' dir='ltr'>ecce</span> <span class='ocrx_word' id='word_1_187' title='bbox 330 2750 438 2815; x_wconf 87' lang='lat' dir='ltr'>furens</span> <span class='ocrx_word' id='word_1_188' title='bbox 457 2762 567 2815; x_wconf 85' lang='lat' dir='ltr'>eontra</span> <span class='ocrx_word' id='word_1_189' title='bbox 583 2773 642 2816; x_wconf 87' lang='lat' dir='ltr'>sua</span> <span class='ocrx_word' id='word_1_190' title='bbox 658 2750 725 2816; x_wconf 83' lang='lat' dir='ltr'>fata</span> <span class='ocrx_word' id='word_1_191' title='bbox 743 2751 920 2835; x_wconf 87' lang='lat' dir='ltr'>bipennifer</span> <span class='ocrx_word' id='word_1_192' title='bbox 936 2752 1039 2815; x_wconf 85' lang='lat' dir='ltr'>Arcas</span> 
     </span>
     <span class='ocr_line' id='line_1_31' title="bbox 239 2835 1022 2922; baseline -0.001 -22"><span class='ocrx_word' id='word_1_193' title='bbox 239 2836 379 2911; x_wconf 61' lang='lat' dir='ltr'>‘dissita</span> <span class='ocrx_word' id='word_1_194' title='bbox 396 2835 541 2902; x_wconf 84' lang='lat' dir='ltr'>femineis</span> <span class='ocrx_word' id='word_1_195' title='bbox 559 2836 636 2919; x_wconf 94' lang='lat' dir='ltr'>quid</span> <span class='ocrx_word' id='word_1_196' title='bbox 653 2837 717 2902; x_wconf 86' lang='lat' dir='ltr'>tela</span> <span class='ocrx_word' id='word_1_197' title='bbox 734 2836 836 2901; x_wconf 88' lang='lat' dir='ltr'>virilia</span> <span class='ocrx_word' id='word_1_198' title='bbox 853 2846 1022 2922; x_wconf 88' lang='lat' dir='ltr'>praestent,</span> 
     </span>
    </p>

    <p class='ocr_par' dir='ltr' id='par_1_10' title="bbox 240 2920 1039 3093">
     <span class='ocr_line' id='line_1_32' title="bbox 240 2920 979 3006; baseline 0 -21"><span class='ocrx_word' id='word_1_199' title='bbox 240 2942 259 2985; x_wconf 93' lang='lat' dir='ltr'>o</span> <span class='ocrx_word' id='word_1_200' title='bbox 276 2920 421 2997; x_wconf 88' lang='lat' dir='ltr'>iuvenes,</span> <span class='ocrx_word' id='word_1_201' title='bbox 440 2922 589 3006; x_wconf 82' lang='lat' dir='ltr'>operique</span> <span class='ocrx_word' id='word_1_202' title='bbox 606 2943 678 2987; x_wconf 90' lang='lat' dir='ltr'>meo</span> <span class='ocrx_word' id='word_1_203' title='bbox 696 2922 871 2987; x_wconf 88' lang='lat' dir='ltr'>concedite’</span> <span class='ocrx_word' id='word_1_204' title='bbox 891 2921 979 2986; x_wconf 86' lang='lat' dir='ltr'>dixit.</span> 
     </span>
     <span class='ocr_line' id='line_1_33' title="bbox 241 3005 1039 3093; baseline 0 -23"><span class='ocrx_word' id='word_1_205' title='bbox 241 3005 325 3093; x_wconf 90' lang='lat' dir='ltr'>‘ipsa</span> <span class='ocrx_word' id='word_1_206' title='bbox 342 3006 406 3072; x_wconf 87' lang='lat' dir='ltr'>suis</span> <span class='ocrx_word' id='word_1_207' title='bbox 424 3007 499 3073; x_wconf 93' lang='lat' dir='ltr'>licet</span> <span class='ocrx_word' id='word_1_208' title='bbox 515 3007 600 3072; x_wconf 91' lang='lat' dir='ltr'>hunc</span> <span class='ocrx_word' id='word_1_209' title='bbox 618 3007 756 3073; x_wconf 88' lang='lat' dir='ltr'>Latonia</span> <span class='ocrx_word' id='word_1_210' title='bbox 772 3019 918 3093; x_wconf 90' lang='lat' dir='ltr'>protegat</span> <span class='ocrx_word' id='word_1_211' title='bbox 935 3007 1039 3083; x_wconf 88' lang='lat' dir='ltr'>armis,</span> 
     </span>
    </p>

    <p class='ocr_par' dir='ltr' id='par_1_11' title="bbox 171 3091 1107 3520">
     <span class='ocr_line' id='line_1_34' title="bbox 171 3091 1073 3178; baseline -0.006 -18"><span class='ocrx_word' id='word_1_212' title='bbox 171 3111 221 3162; x_wconf 81' lang='grc'>395</span> <span class='ocrx_word' id='word_1_213' title='bbox 238 3091 337 3157; x_wconf 87' lang='lat' dir='ltr'>invita</span> <span class='ocrx_word' id='word_1_214' title='bbox 354 3103 459 3157; x_wconf 87' lang='lat' dir='ltr'>tamen</span> <span class='ocrx_word' id='word_1_215' title='bbox 476 3092 562 3158; x_wconf 93' lang='lat' dir='ltr'>hunc</span> <span class='ocrx_word' id='word_1_216' title='bbox 578 3093 712 3178; x_wconf 92' lang='lat' dir='ltr'>perimet</span> <span class='ocrx_word' id='word_1_217' title='bbox 728 3117 800 3158; x_wconf 88' lang='lat' dir='ltr'>mea</span> <span class='ocrx_word' id='word_1_218' title='bbox 818 3094 928 3157; x_wconf 88' lang='lat' dir='ltr'>dextra</span> <span class='ocrx_word' id='word_1_219' title='bbox 945 3091 1073 3157; x_wconf 62' lang='lat' dir='ltr'>Diana?</span> 
     </span>
     <span class='ocr_line' id='line_1_35' title="bbox 239 3178 1020 3264; baseline 0 -22"><span class='ocrx_word' id='word_1_220' title='bbox 239 3178 315 3242; x_wconf 87' lang='lat' dir='ltr'>talia</span> <span class='ocrx_word' id='word_1_221' title='bbox 331 3178 535 3264; x_wconf 88' lang='lat' dir='ltr'>magniloquo</span> <span class='ocrx_word' id='word_1_222' title='bbox 553 3179 693 3243; x_wconf 90' lang='lat' dir='ltr'>tumidus</span> <span class='ocrx_word' id='word_1_223' title='bbox 711 3189 939 3244; x_wconf 88' lang='lat' dir='ltr'>memoraverat</span> <span class='ocrx_word' id='word_1_224' title='bbox 956 3199 1020 3254; x_wconf 91' lang='lat' dir='ltr'>ore,</span> 
     </span>
     <span class='ocr_line' id='line_1_36' title="bbox 240 3262 1022 3349; baseline 0 -22"><span class='ocrx_word' id='word_1_225' title='bbox 240 3262 473 3349; x_wconf 88' lang='lat' dir='ltr'>ancipitemque</span> <span class='ocrx_word' id='word_1_226' title='bbox 491 3287 588 3328; x_wconf 88' lang='lat' dir='ltr'>manu</span> <span class='ocrx_word' id='word_1_227' title='bbox 605 3265 718 3331; x_wconf 90' lang='lat' dir='ltr'>tollens</span> <span class='ocrx_word' id='word_1_228' title='bbox 735 3276 868 3348; x_wconf 90' lang='lat' dir='ltr'>utraque</span> <span class='ocrx_word' id='word_1_229' title='bbox 887 3264 1022 3329; x_wconf 88' lang='lat' dir='ltr'>securim</span> 
     </span>
     <span class='ocr_line' id='line_1_37' title="bbox 239 3349 1022 3435; baseline -0.001 -22"><span class='ocrx_word' id='word_1_230' title='bbox 239 3349 395 3414; x_wconf 89' lang='lat' dir='ltr'>institerat</span> <span class='ocrx_word' id='word_1_231' title='bbox 412 3349 533 3434; x_wconf 87' lang='lat' dir='ltr'>digitis,</span> <span class='ocrx_word' id='word_1_232' title='bbox 550 3350 669 3434; x_wconf 90' lang='lat' dir='ltr'>primos</span> <span class='ocrx_word' id='word_1_233' title='bbox 687 3373 858 3435; x_wconf 87' lang='lat' dir='ltr'>suspensus</span> <span class='ocrx_word' id='word_1_234' title='bbox 875 3349 907 3413; x_wconf 90' lang='lat' dir='ltr'>in</span> <span class='ocrx_word' id='word_1_235' title='bbox 926 3360 1022 3414; x_wconf 87' lang='lat' dir='ltr'>artus.</span> 
     </span>
     <span class='ocr_line' id='line_1_38' title="bbox 240 3435 1107 3520; baseline 0.001 -22"><span class='ocrx_word' id='word_1_236' title='bbox 240 3445 374 3519; x_wconf 87' lang='lat' dir='ltr'>occupat</span> <span class='ocrx_word' id='word_1_237' title='bbox 390 3436 573 3511; x_wconf 89' lang='lat' dir='ltr'>audentem,</span> <span class='ocrx_word' id='word_1_238' title='bbox 592 3457 718 3519; x_wconf 91' lang='lat' dir='ltr'>quaque</span> <span class='ocrx_word' id='word_1_239' title='bbox 737 3447 785 3501; x_wconf 91' lang='lat' dir='ltr'>est</span> <span class='ocrx_word' id='word_1_240' title='bbox 801 3436 854 3499; x_wconf 87' lang='lat' dir='ltr'>via</span> <span class='ocrx_word' id='word_1_241' title='bbox 872 3435 1016 3520; x_wconf 83' lang='lat' dir='ltr'>proxima</span> <span class='ocrx_word' id='word_1_242' title='bbox 1033 3435 1107 3512; x_wconf 93' lang='lat' dir='ltr'>leto,</span> 
     </span>
    </p>
   </div>
   <div class='ocr_carea' id='block_1_3' title="bbox 170 3518 1105 4124">
    <p class='ocr_par' dir='ltr' id='par_1_12' title="bbox 171 3518 1105 3946">
     <span class='ocr_line' id='line_1_39' title="bbox 171 3518 1105 3606; baseline -0.006 -15"><span class='ocrx_word' id='word_1_243' title='bbox 171 3541 222 3591; x_wconf 79' lang='lat'>400</span> <span class='ocrx_word' id='word_1_244' title='bbox 239 3543 363 3585; x_wconf 89' lang='lat' dir='ltr'>summa</span> <span class='ocrx_word' id='word_1_245' title='bbox 379 3518 467 3584; x_wconf 90' lang='lat' dir='ltr'>ferus</span> <span class='ocrx_word' id='word_1_246' title='bbox 483 3521 628 3606; x_wconf 87' lang='lat' dir='ltr'>geminos</span> <span class='ocrx_word' id='word_1_247' title='bbox 646 3521 760 3585; x_wconf 90' lang='lat' dir='ltr'>direxit</span> <span class='ocrx_word' id='word_1_248' title='bbox 777 3520 818 3585; x_wconf 88' lang='lat' dir='ltr'>ad</span> <span class='ocrx_word' id='word_1_249' title='bbox 835 3521 968 3606; x_wconf 86' lang='lat' dir='ltr'>inguina</span> <span class='ocrx_word' id='word_1_250' title='bbox 985 3519 1105 3585; x_wconf 86' lang='lat' dir='ltr'>dentes.</span> 
     </span>
     <span class='ocr_line' id='line_1_40' title="bbox 241 3605 1102 3692; baseline -0.001 -21"><span class='ocrx_word' id='word_1_251' title='bbox 241 3605 376 3671; x_wconf 90' lang='lat' dir='ltr'>concidit</span> <span class='ocrx_word' id='word_1_252' title='bbox 393 3607 557 3683; x_wconf 87' lang='lat' dir='ltr'>Ancaeus,</span> <span class='ocrx_word' id='word_1_253' title='bbox 576 3607 812 3692; x_wconf 86' lang='lat' dir='ltr'>glomerataque</span> <span class='ocrx_word' id='word_1_254' title='bbox 829 3606 984 3692; x_wconf 87' lang='lat' dir='ltr'>sanguiue</span> <span class='ocrx_word' id='word_1_255' title='bbox 1002 3605 1102 3670; x_wconf 90' lang='lat' dir='ltr'>multo</span> 
     </span>
     <span class='ocr_line' id='line_1_41' title="bbox 239 3690 1096 3775; baseline 0 -19"><span class='ocrx_word' id='word_1_256' title='bbox 239 3691 362 3757; x_wconf 84' lang='lat' dir='ltr'>viscera</span> <span class='ocrx_word' id='word_1_257' title='bbox 377 3690 468 3775; x_wconf 87' lang='lat' dir='ltr'>lapsa</span> <span class='ocrx_word' id='word_1_258' title='bbox 484 3691 599 3773; x_wconf 88' lang='lat' dir='ltr'>fluunt;</span> <span class='ocrx_word' id='word_1_259' title='bbox 617 3691 796 3757; x_wconf 88' lang='lat' dir='ltr'>madefacta</span> <span class='ocrx_word' id='word_1_260' title='bbox 814 3701 863 3756; x_wconf 91' lang='lat' dir='ltr'>est</span> <span class='ocrx_word' id='word_1_261' title='bbox 877 3702 960 3756; x_wconf 90' lang='lat' dir='ltr'>terra</span> <span class='ocrx_word' id='word_1_262' title='bbox 977 3712 1096 3756; x_wconf 85' lang='lat' dir='ltr'>cruore.</span> 
     </span>
     <span class='ocr_line' id='line_1_42' title="bbox 239 3776 942 3863; baseline 0 -22"><span class='ocrx_word' id='word_1_263' title='bbox 239 3776 308 3841; x_wconf 89' lang='lat' dir='ltr'>ibat</span> <span class='ocrx_word' id='word_1_264' title='bbox 323 3776 357 3840; x_wconf 93' lang='lat' dir='ltr'>in</span> <span class='ocrx_word' id='word_1_265' title='bbox 375 3776 544 3842; x_wconf 87' lang='lat' dir='ltr'>adversum</span> <span class='ocrx_word' id='word_1_266' title='bbox 560 3778 664 3863; x_wconf 87' lang='lat' dir='ltr'>proles</span> <span class='ocrx_word' id='word_1_267' title='bbox 681 3776 802 3842; x_wconf 88' lang='lat' dir='ltr'>Ixionis</span> <span class='ocrx_word' id='word_1_268' title='bbox 820 3777 942 3842; x_wconf 88' lang='lat' dir='ltr'>hostem</span> 
     </span>
     <span class='ocr_line' id='line_1_43' title="bbox 239 3860 1013 3946; baseline 0 -20"><span class='ocrx_word' id='word_1_269' title='bbox 239 3860 417 3939; x_wconf 90' lang='lat' dir='ltr'>Pirithous,</span> <span class='ocrx_word' id='word_1_270' title='bbox 434 3862 540 3928; x_wconf 90' lang='lat' dir='ltr'>valida</span> <span class='ocrx_word' id='word_1_271' title='bbox 557 3862 702 3946; x_wconf 89' lang='lat' dir='ltr'>quatiens</span> <span class='ocrx_word' id='word_1_272' title='bbox 720 3863 877 3928; x_wconf 87' lang='lat' dir='ltr'>venabula</span> <span class='ocrx_word' id='word_1_273' title='bbox 894 3863 1013 3927; x_wconf 88' lang='lat' dir='ltr'>dextra.</span> 
     </span>
    </p>

    <p class='ocr_par' dir='ltr' id='par_1_13' title="bbox 170 3946 1050 4034">
     <span class='ocr_line' id='line_1_44' title="bbox 170 3946 1050 4034; baseline -0.009 -16"><span class='ocrx_word' id='word_1_274' title='bbox 170 3967 221 4021; x_wconf 67' lang='lat' dir='ltr'>coc</span> <span class='ocrx_word' id='word_1_275' title='bbox 240 3947 292 4013; x_wconf 89' lang='lat' dir='ltr'>cui</span> <span class='ocrx_word' id='word_1_276' title='bbox 300 3946 428 4032; x_wconf 89' lang='lat' dir='ltr'>‘procul&#39;</span> <span class='ocrx_word' id='word_1_277' title='bbox 437 3947 579 4034; x_wconf 84' lang='lat' dir='ltr'>Aegides</span> <span class='ocrx_word' id='word_1_278' title='bbox 598 3954 633 4012; x_wconf 92' lang='lat'>‘0</span> <span class='ocrx_word' id='word_1_279' title='bbox 650 3970 702 4013; x_wconf 85' lang='lat' dir='ltr'>me</span> <span class='ocrx_word' id='word_1_280' title='bbox 719 3948 797 4012; x_wconf 91' lang='lat' dir='ltr'>mihi</span> <span class='ocrx_word' id='word_1_281' title='bbox 815 3947 929 4013; x_wconf 89' lang='lat' dir='ltr'>carior’</span> <span class='ocrx_word' id='word_1_282' title='bbox 946 3947 1050 4030; x_wconf 90' lang='lat' dir='ltr'>inquit</span> 
     </span>
    </p>

    <p class='ocr_par' dir='ltr' id='par_1_14' title="bbox 240 4030 1104 4124">
     <span class='ocr_line' id='line_1_45' title="bbox 240 4030 1104 4124; baseline -0.001 -25"><span class='ocrx_word' id='word_1_283' title='bbox 240 4038 328 4124; x_wconf 85' lang='lat' dir='ltr'>‘pars</span> <span class='ocrx_word' id='word_1_284' title='bbox 346 4030 485 4113; x_wconf 87' lang='lat' dir='ltr'>animae,</span> <span class='ocrx_word' id='word_1_285' title='bbox 503 4033 654 4114; x_wconf 87' lang='lat' dir='ltr'>consiste,</span> <span class='ocrx_word' id='word_1_286' title='bbox 672 4033 776 4102; x_wconf 88' lang='lat' dir='ltr'>meacl</span> <span class='ocrx_word' id='word_1_287' title='bbox 802 4034 876 4102; x_wconf 88' lang='lat' dir='ltr'>licet</span> <span class='ocrx_word' id='word_1_288' title='bbox 894 4032 1016 4100; x_wconf 84' lang='lat' dir='ltr'>eminus</span> <span class='ocrx_word' id='word_1_289' title='bbox 1034 4054 1104 4098; x_wconf 87' lang='lat' dir='ltr'>essa</span> 
     </span>
    </p>
   </div>
   <div class='ocr_carea' id='block_1_4' title="bbox 104 4082 116 4113">
    <p class='ocr_par' dir='ltr' id='par_1_15' title="bbox 104 4082 116 4113">
     <span class='ocr_line' id='line_1_46' title="bbox 104 4082 116 4113; baseline 0 0"><span class='ocrx_word' id='word_1_290' title='bbox 104 4082 116 4113; x_wconf 69' lang='lat'>⁸1</span> 
     </span>
    </p>
   </div>
   <div class='ocr_carea' id='block_1_5' title="bbox 104 4108 184 4219">
    <p class='ocr_par' dir='ltr' id='par_1_16' title="bbox 104 4108 184 4219">
     <span class='ocr_line' id='line_1_47' title="bbox 108 4108 183 4131; baseline 0 -8"><span class='ocrx_word' id='word_1_291' title='bbox 108 4108 183 4131; x_wconf 66' lang='grc' dir='ltr'>..ρι</span> 
     </span>
     <span class='ocr_line' id='line_1_48' title="bbox 136 4138 184 4157; baseline 0 0"><span class='ocrx_word' id='word_1_292' title='bbox 136 4138 184 4157; x_wconf 67' lang='lat' dir='ltr'>&#39;b</span> 
     </span>
     <span class='ocr_line' id='line_1_49' title="bbox 104 4112 184 4208; baseline 0 0"><span class='ocrx_word' id='word_1_293' title='bbox 104 4112 184 4208; x_wconf 50' lang='lat' dir='ltr'>h*</span> 
     </span>
     <span class='ocr_line' id='line_1_50' title="bbox 173 4200 184 4219; baseline 0 -12"><span class='ocrx_word' id='word_1_294' title='bbox 173 4200 184 4219; x_wconf 79' lang='lat' dir='ltr'>&#39;t</span> 
     </span>
    </p>
   </div>
   <div class='ocr_carea' id='block_1_6' title="bbox 0 0 1292 4478">
    <p class='ocr_par' dir='ltr' id='par_1_17' title="bbox 0 0 1292 4478">
     <span class='ocr_line' id='line_1_51' title="bbox 0 0 1292 4478; baseline 0 1"><span class='ocrx_word' id='word_1_295' title='bbox 0 0 1292 4478; x_wconf 95' lang='lat' dir='ltr'> </span> 
     </span>
    </p>
   </div>
  </div>
 </body>
</html>
