2574 4478
227 424 248 493 6
561 439 594 494 Ρ.
614 438 737 496 OVIDII
754 434 915 496 NASONIS

160 583 210 634 210
228 564 313 648 quod
331 572 435 628 tamen
453 563 640 639 admissum,
658 584 739 646 quae
757 563 797 626 sit
814 563 966 639 vindicta,
985 562 1115 629 docebo.

229 651 404 734 contigerat
421 661 543 712 nostras
560 649 692 713 iufamia
709 649 858 732 temporis
876 671 982 713 aures:

228 757 324 819 quam
342 735 471 819 cupiens
490 734 617 810 falsam,
636 755 759 797 summo
778 734 908 798 delabor
925 731 1066 818 Olympo

229 832 261 885 et
277 822 355 885 deus
373 820 511 883 humana
527 821 626 883 lustro
644 819 704 883 sub
722 819 859 903 imagine
876 829 985 882 terras.

228 907 324 991 longa
340 927 429 969 mora
446 917 507 981 est,
525 917 678 987 quantum
695 926 797 968 noxae
815 906 855 968 sit
872 904 989 987 ubique
1007 915 1174 990 repertum,

162 1011 211 1059 215
230 1013 425 1057 enumerare:
443 991 546 1054 minor
562 990 623 1054 fuit
639 991 708 1074 ipsa
725 990 855 1054 infamia
872 1010 957 1054 ver0.

228 1077 379 1141 Maenala
396 1077 580 1140 transieram
597 1075 724 1139 latebris
742 1075 897 1139 horrenda
914 1075 1053 1139 ferarum
1108 1091 1245 1162 (hyrcos.)

229 1174 261 1227 et
278 1186 350 1227 cum
369 1159 500 1242 Cyllene
517 1161 613 1245 gelidi
630 1160 737 1244 pineta
754 1160 884 1244 Lycaei.

229 1248 363 1312 Arcadis
385 1249 459 1312 hino
481 1246 571 1310 sedes
590 1257 621 1310 et
637 1245 796 1329 inhospita
813 1257 895 1310 tecta
912 1248 1038 1331 tyranni

230 1333 399 1417 ingredior,
418 1331 577 1396 traherent
595 1354 667 1395 cum
686 1353 755 1395 sera
772 1333 957 1416 crepuscula
973 1343 1108 1399 noctem.

163 1437 212 1488 220
230 1419 321 1503 signa
338 1418 425 1494 dedi,
443 1417 565 1481 venisse
583 1416 692 1492 deum,
710 1417 888 1502 vulgusque
906 1418 1026 1502 precari

231 1514 385 1588 coeperat.
428 1502 535 1566 irridet
552 1502 653 1586 primo
671 1501 724 1586 pia
742 1511 815 1566 vota
832 1501 974 1586 Lycaon,

230 1610 305 1652 mox
322 1589 366 1652 ait
384 1593 404 1622 “
410 1587 562 1671 experiar,
581 1586 659 1652 deus
677 1587 742 1663 hie,
761 1587 939 1652 discrimine
958 1600 1075 1672 aperto,

230 1697 272 1739 an
289 1674 329 1738 sit
345 1673 495 1737 mortalis.
538 1695 597 1737 nec
615 1672 673 1737 erit
690 1672 863 1737 dubitabile
880 1675 1021 1737 verum.'’

230 1769 322 1823 nocte
339 1781 470 1844 gravem
487 1779 596 1822 somno
615 1757 769 1842 necopina
785 1758 917 1842 perdere
934 1769 1035 1823 morte

167 1860 215 1907 225
234 1871 285 1912 me
302 1858 405 1931 parat:
427 1846 506 1910 haec
523 1847 569 1910 illi
585 1847 688 1931 placet
706 1844 898 1929 experientia
914 1842 993 1906 veril

233 1956 291 1997 nec
309 1944 472 1996 contentus
490 1952 527 1996 eo
545 1942 608 1995 est:
631 1931 718 1994 missi
736 1931 776 1993 de
793 1940 887 2013 gente
904 1928 1047 1991 Molossa

232 2016 349 2079 obsidis
367 2015 460 2078 unius
477 2014 622 2100 iugulum
639 2034 789 2078 mucrone
806 2015 943 2091 resolvit,

233 2111 328 2182 atque
345 2100 390 2163 ita
407 2100 578 2164 semineces
595 2098 710 2183 partim
726 2100 919 2165 ferventibus
938 2110 1023 2164 artus

232 2186 333 2249 mollit
350 2186 454 2267 aquis,
471 2184 585 2269 partim
603 2183 744 2248 subiecto
761 2185 872 2249 torruit
887 2185 963 2269 igni.

165 2294 215 2343 230
233 2292 313 2354 quos
331 2271 424 2335 simul
441 2271 589 2355 imposuit
605 2270 737 2346 mensis,
755 2291 815 2354 ego
832 2270 955 2334 vindice
972 2271 1099 2334 flamma

233 2357 266 2419 in
284 2357 410 2419 domino
429 2356 541 2440 dignos
559 2357 656 2420 everti
674 2365 757 2420 tecta
773 2355 920 2419 Penates.

231 2442 357 2506 territus
375 2442 443 2526 ipse
461 2442 558 2527 fugit,
574 2450 749 2522 nactusque
767 2441 890 2505 silentia
907 2441 989 2504 ruris

232 2528 373 2592 exululat
389 2527 568 2609 frustraque
586 2526 673 2609 loqui
691 2537 831 2590 conatur.
875 2526 1002 2612 abipso

232 2613 351 2696 colligit
368 2634 402 2675 os
420 2612 554 2687 rabiem,
573 2612 745 2693 solitaeque
764 2612 909 2696 cupidine
927 2611 1031 2676 caedis

164 2720 214 2768 235
232 2699 364 2762 vertitur
380 2698 413 2760 iu
430 2697 568 2782 pecudes
586 2707 617 2760 et
634 2718 718 2760 nunc
736 2718 861 2779 quoque
879 2697 1033 2782 sanguine
1050 2696 1178 2781 gaudet.

231 2783 264 2845 in
281 2783 372 2846 villos
390 2782 506 2846 abeunt
523 2793 641 2857 vestes,
657 2782 691 2844 iu
709 2803 800 2845 crura
816 2783 938 2847 lacerti:

231 2868 267 2931 fit
284 2868 377 2952 lupus
396 2879 427 2931 et
445 2867 558 2932 veteris
576 2877 680 2930 servat
697 2867 830 2951 vestigia
847 2867 976 2933 formae.

233 2953 361 3016 canities
380 2953 490 3016 eadem
508 2964 569 3028 est,
587 2952 697 3016 eadem
715 2952 864 3017 violentia
880 2955 998 3028 vultus,

231 3037 316 3102 idem
334 3038 417 3101 oculi
433 3039 553 3113 lucent,
572 3037 683 3101 eadem
700 3036 832 3101 feritatis
850 3038 956 3123 imago
974 3047 1031 3104 est.

165 3145 215 3194 240
233 3123 346 3188 occidit
363 3146 427 3186 una
445 3123 571 3186 domus:
589 3122 726 3186 sednon
745 3122 856 3187 domus
874 3146 939 3188 uua
954 3124 1056 3208 perire

233 3209 329 3293 digna
345 3209 406 3272 fuit
422 3244 466 3254 -
482 3230 546 3291 qua
563 3218 646 3272 terra
662 3217 763 3292 patet,
781 3207 849 3273 fera
866 3221 978 3294 regnat
996 3207 1123 3292 Erinys.

231 3295 264 3357 in
281 3294 403 3358 facinus
421 3294 540 3357 iurasse
558 3303 659 3377 putes.
703 3293 778 3358 dent
795 3294 882 3358 ocius
900 3316 1019 3368 omnes,

232 3400 311 3462 quas
328 3401 470 3443 meruere
487 3378 553 3463 pati
571 3376 631 3460 (sic
649 3388 710 3441 stat
726 3379 904 3462 sententia),
922 3377 1060 3464 poenas*

269 3464 366 3529 Dicta
374 3465 460 3528 Iovis
470 3486 543 3548 pars
552 3484 629 3527 voce
638 3463 772 3547 probant
781 3465 986 3548 stimulosque
995 3462 1140 3528 frementi
1168 3463 1248 3542 Ilitu-

165 3571 214 3619 245
233 3550 384 3624 adiciunt,
403 3549 456 3613 alii
473 3558 577 3633 partes
595 3548 773 3612 assensibus
791 3549 932 3635 implent.
1170 3547 1246 3582 ”mm

232 3645 280 3699 est
297 3646 401 3698 tamen
419 3633 549 3698 humani
566 3633 690 3718 generis
707 3633 829 3698 iactura
846 3635 946 3698 dolori

232 3720 391 3795 omnibus,
409 3731 453 3796 et,
472 3741 553 3801 quae
571 3719 611 3782 sit
628 3729 729 3783 terrae
746 3720 929 3783 mortalibus
947 3720 1042 3784 orbae

231 3806 333 3868 forma
349 3803 470 3881 futura,
488 3815 615 3889 rogant3
632 3803 703 3886 quis
722 3803 761 3868 sit
777 3805 897 3868 laturus
914 3804 947 3867 in
965 3827 1036 3868 aras

231 3900 315 3966 tura3
333 3889 449 3954 ferisne
466 3900 555 3975 paret
572 3889 768 3974 populandas
786 3889 908 3954 tradere
925 3900 1034 3954 terras.

164 3996 214 4046 250
232 3974 307 4039 talia
324 3987 509 4058 quaerentes
528 3973 603 4057 (sibi
621 3973 704 4038 enim
722 3974 789 4040 fore
807 3986 911 4039 cetera
928 3975 1037 4058 curae)

230 4081 287 4129 rex
304 4081 452 4161 superum
470 4071 516 4124 tre
539 4059 625 4123 idare
643 4070 742 4136 vetat,
760 4058 964 4143 subolemque
981 4059 1077 4145 priori

231 4143 415 4211 dissimilem
431 4166 494 4231 pop
529 4167 548 4209 o
564 4143 718 4229 promittit
733 4144 853 4231 origine
870 4145 958 4209 mira.

60 4206 118 4300 &s
230 4229 358 4317 iamque
375 4246 443 4299 erat
458 4231 493 4299 in
510 4242 590 4299 totas
608 4251 774 4315 sparsurus
791 4230 925 4299 fulmina
941 4241 1053 4301 terras:
