2574 4478
137 239 201 307 250
469 255 502 309 P.
522 254 647 312 OVIDII
663 253 827 312 NASONIS

137 379 231 446 corbe
248 377 334 456 tulit,
352 377 482 463 verique
500 379 560 443 fuit
577 379 723 445 messoris
740 377 861 465 imagol

69 485 118 534 645
137 477 280 551 tempora
296 487 391 552 saepe
410 488 523 551 gerens
541 465 635 530 faeno
653 466 786 552 religata
802 464 922 531 recenti

138 553 299 617 desectum
316 561 439 636 poterat
495 573 587 615 amen
604 574 747 616 versasse
764 551 874 617 videri.

137 659 232 723 saepo
249 659 345 700 manu
363 636 436 701 stim
472 658 506 700 os
524 637 626 736 rigida
643 639 803 721 portabat,
822 637 965 701 utillum

136 724 256 788 iurares
273 723 374 788 fessos
391 722 485 786 modo
503 722 692 787 disrunxisse
708 723 869 787 iuvencos.

136 809 218 874 falce
236 809 311 872 data
327 807 490 871 frondator
508 819 575 872 erat
592 808 728 890 vitisque
746 819 888 893 putator3

69 911 119 962 656
136 895 282 959 induerat
299 893 413 958 scalas:
432 895 587 958 lecturum
604 915 699 978 poma
715 907 853 978 putares.

136 981 227 1044 miles
245 989 313 1044 erat
329 979 445 1064 gladio,
463 979 600 1064 piscator
617 979 792 1044 harundine
809 988 946 1064 sumpta.

138 1066 274 1149 denique
290 1088 348 1150 per
365 1065 481 1129 multas
499 1064 619 1128 aditum
637 1065 698 1128 sibi
715 1088 810 1150 saepe
828 1064 947 1150 figuras

136 1150 289 1238 repperit,
307 1162 343 1215 ut
360 1160 487 1237 caperet
504 1160 663 1234 spectatae
680 1151 799 1235 gaudia
815 1149 946 1216 formae.

138 1237 191 1301 ille
210 1236 305 1302 etiam
321 1235 407 1321 picta
423 1236 586 1300 redimitus
605 1247 747 1320 tempora
763 1236 866 1312 mitra,

70 1338 118 1388 655
136 1321 272 1386 innitens
290 1321 414 1398 baculo,
432 1321 541 1407 positis
549 1343 607 1406 per
617 1332 760 1407 tempora
778 1321 875 1398 canis,

137 1406 331 1473 assimulavit
351 1430 445 1471 anum
464 1406 628 1490 cultosque
645 1407 774 1472 intravit
790 1407 824 1471 in
841 1408 949 1472 hortos

32 1567 33 1570 Ἴ
137 1514 294 1579 pomaque
312 1493 424 1557 mirata
442 1503 490 1557 est
507 1492 688 1575 ‘tanto’que
707 1492 907 1578 ‘potentiorl’
925 1492 1031 1578 inquit

136 1601 301 1664 paucaque
319 1579 466 1643 laudatae
485 1578 572 1642 dedit
589 1579 711 1655 oscula,
730 1579 835 1662 qualia
851 1600 1028 1662 numquam

138 1687 213 1730 vera
231 1664 369 1728 dedisset
387 1686 481 1740 anus,
499 1663 676 1749 glaebaque
694 1665 826 1729 incurva
842 1664 968 1742 resedit,

69 1770 119 1820 666
138 1750 312 1837 suspiciens
329 1749 451 1834 pandos
470 1749 613 1813 autumni
631 1750 769 1835 pondere
787 1772 900 1815 ramos.

136 1836 241 1901 ulmus
259 1846 326 1900 erat
343 1845 452 1899 contra
469 1834 611 1919 speciosa
629 1835 801 1903 nitentibus
818 1836 889 1900 uvis
895 1859 905 1913 ;

139 1942 235 2005 quam
253 1920 338 1986 socia
352 1931 522 2034 postquam
538 1921 656 2004 pariter
673 1942 746 1984 cum
763 1921 827 1987 vite
844 1921 1002 2007 probavit,

140 2013 188 2071 ‘at
205 2007 233 2072 si
251 2017 347 2071 staret
380 2007 423 2070 ait
441 2006 580 2071 ‘caelebs
598 2007 666 2072 sine
683 2006 811 2091 palmite
829 2018 970 2085 truncus,

137 2092 182 2156 nil
199 2102 324 2178 praeter
340 2091 483 2168 frondes,
502 2112 599 2174 quare
617 2103 785 2177 peteretur,
803 2092 943 2158 haberet

70 2198 119 2247 665
138 2178 217 2242 haec
235 2199 375 2261 quoque,
393 2199 475 2261 quae
492 2178 600 2241 iuncta
618 2191 675 2255 est,
693 2178 765 2243 vitis
783 2178 951 2262 requiescit
968 2179 1002 2244 in
1019 2178 1089 2245 illa:

137 2265 165 2327 si
182 2284 247 2327 non
264 2274 364 2347 nupta
381 2263 476 2340 foret,
495 2274 596 2328 terrae
614 2264 768 2328 acclinata
783 2263 909 2329 iaceret.

138 2359 173 2413 tu
192 2360 298 2413 tamen
316 2350 461 2435 exemplo
478 2371 543 2413 non
560 2348 699 2435 tangeris
717 2349 836 2414 arboris
854 2348 949 2414 huius

139 2435 389 2518 concubitusque
406 2433 492 2520 fugis
510 2445 617 2499 necte
636 2435 827 2520 coniungere
846 2456 947 2500 curas.

138 2530 234 2602 atque
251 2519 372 2584 utinam
389 2520 500 2584 velles!
527 2521 652 2585 Helene
669 2542 734 2583 non
749 2520 892 2605 pluribus
910 2529 995 2586 esset

70 2625 119 2675 ovo
137 2605 302 2669 sollicitata
320 2605 437 2690 procis,
456 2628 515 2670 nec
533 2626 615 2687 quae
632 2605 802 2690 Lapitheia
819 2606 919 2670 movit

136 2690 268 2776 proelia,
286 2713 346 2755 neo
363 2691 500 2755 coniunx
517 2691 648 2755 nimium
667 2691 818 2756 tardantis
835 2689 952 2755 Ulixis.

137 2798 222 2840 nunc
239 2795 380 2859 quoque,
399 2798 473 2840 cum
490 2776 595 2861 fugias
614 2777 829 2860 averserisque
846 2787 1000 2862 petentes,

137 2860 222 2925 mille
240 2860 299 2924 viri
317 2861 448 2946 cupiunt
467 2872 497 2926 et
516 2862 709 2946 semideique
727 2862 842 2945 deique

138 2957 169 3010 et
187 2966 405 3029 quaecumque
423 2958 530 3012 tenent
547 2948 692 3012 Albanos
709 2948 840 3011 numina
858 2957 990 3012 montes.

70 3050 118 3101 665
138 3030 195 3095 sed
212 3040 247 3094 tu
266 3030 292 3092 si
311 3031 428 3115 sapies,
447 3033 474 3096 si
492 3043 523 3097 te
541 3033 623 3098 bene
641 3033 771 3118 iungere
790 3055 948 3116 anumque

138 3115 220 3179 hano
239 3114 347 3179 audire
364 3117 467 3194 voles,
486 3138 567 3200 quae
586 3129 617 3183 te
634 3119 706 3202 plus
725 3118 870 3183 omnibus
888 3119 960 3195 illis,

137 3200 209 3350 glus
227 3219 323 3283 quam
340 3202 455 3279 credis,
474 3225 556 3280 amo,
575 3204 722 3289 vulgares
739 3203 822 3269 reice
839 3205 959 3281 taedas,

171 3295 414 3370 ortumnumque
431 3289 492 3352 tori
510 3289 629 3353 socium
647 3289 704 3352 tibi
722 3289 835 3374 selige:
853 3311 910 3374 pro
929 3311 993 3373 quo

136 3391 188 3434 mc
207 3389 333 3471 quoquc
350 3372 466 3457 pignus
484 3373 576 3438 habe.
611 3397 715 3458 neque
733 3375 818 3439 enim
835 3375 894 3438 sibi
912 3375 1017 3439 notior
1033 3375 1085 3440 ille
1103 3384 1155 3450 est,

70 3475 120 3525 680
138 3475 234 3537 quam
252 3453 338 3519 nubi.
382 3479 441 3523 nec
459 3458 576 3543 passim
595 3470 661 3524 toto
679 3482 780 3545 vagus
799 3473 882 3525 errat
898 3461 931 3525 in
949 3461 1035 3538 orbe,
1053 3498 1097 3506 -—

137 3539 215 3605 haec
234 3538 303 3604 loca
321 3541 387 3605 sola
404 3543 478 3607 colit
494 3578 538 3590 —-
554 3566 613 3609 nec
630 3544 676 3609 uti
694 3567 766 3629 pars
784 3569 900 3632 magna
917 3567 1096 3631 procorum,

137 3646 216 3710 6666
234 3624 328 3689 modo
346 3627 438 3706 vidit,
457 3639 550 3693 amat.
595 3639 630 3693 tu
647 3631 768 3714 primus
786 3642 818 3695 et
834 3629 964 3695 ultimus
981 3630 1028 3695 illi

137 3708 231 3775 ardor
248 3711 324 3788 eris,
342 3712 464 3797 solique
482 3736 555 3778 suos
574 3714 631 3778 tibi
650 3715 785 3781 devovet
803 3738 913 3780 annos.

138 3795 233 3873 addo,
252 3796 338 3881 quod
356 3809 403 3863 est
420 3799 557 3878 iuvenis,
575 3800 661 3884 quod
678 3802 820 3866 naturale
838 3801 960 3867 decoris

70 3901 119 3953 665
137 3903 253 3946 munus
271 3880 367 3947 habet
383 3882 563 3967 formasque
583 3896 655 3970 apte
672 3885 811 3971 fingetur
827 3887 864 3951 in
878 3909 998 3964 omnes,

137 3979 168 4033 et
207 3965 271 4031 uod
289 3967 348 4031 erit
364 3967 482 4045 iussus,
501 3970 610 4034 iubeas
632 3970 705 4034 licet
723 3972 842 4048 omnia,
859 3972 924 4037 fiet.

26 4074 36 4145 ’τ’
136 3987 228 4139 quid,
246 4051 332 4137 quod
349 4053 460 4119 amatis
478 4054 581 4121 idem?
604 4056 699 4139 quod,
719 4078 800 4143 quae
818 4057 875 4121 tibi
892 4079 988 4144 poma
1006 4061 1160 4137 coluntur,
