2574 4478
212 257 274 324 114
540 271 572 326 P.
592 272 716 330 OVIDII
733 272 896 330 NASONIS

142 416 191 465 850
252 393 349 476 Quod
366 394 425 460 nisi
444 396 588 480 pennatis
603 397 799 480 serpentibus
817 399 892 461 isset
910 396 942 459 in
956 416 1059 474 auras,
1123 395 1230 451 Medeae

209 505 272 545 non
290 492 436 566 exempta
453 481 534 545 foret
551 503 681 565 poenae.
716 483 800 567 fugit
817 484 881 546 alta
898 503 1059 566 superque
1141 464 1213 533 faya.

209 567 322 631 Pelion
340 567 538 642 umbrosum,
556 567 718 651 Philyreia
735 579 832 645 tecta,
852 588 1009 652 superque
1212 589 1214 593 ’

210 650 338 737 Othryn
357 663 388 716 et
405 664 520 717 eventu
538 654 652 717 veteris
669 652 740 717 loca
757 664 832 717 nota
850 651 1001 718 Cerambi

209 737 274 821 (hic
292 760 351 822 ope
369 737 588 822 Nympharum
608 738 751 802 sublatus
767 739 799 802 in
818 744 891 803 ae'ra
907 738 1030 823 pennis,
1087 738 1231 819 (uersata

142 843 191 892 355
209 846 283 888 cum
299 823 404 908 gravis
422 823 527 887 infuso
545 823 638 888 tellus
655 823 736 888 foret
753 824 867 888 obruta
884 836 991 909 ponte,
1112 811 1205 874 ”ami

209 909 441 973 Deucahoneas
460 908 572 994 effugit
589 908 755 974 inobrutus
772 910 902 993 undas):

209 994 356 1060 Aeoliam
373 993 510 1058 Pitanen
528 1017 547 1057 a
563 994 655 1058 laeva
672 1006 761 1078 parte
778 995 934 1079 relinquit,

209 1080 356 1162 factaque
375 1079 414 1144 de
431 1101 508 1143 saxo
525 1079 612 1164 longi
630 1080 797 1145 simulacra
815 1081 959 1144 draconis
965 1105 974 1159 3

211 1165 406 1248 Idaeumque
423 1187 550 1239 nemus,
569 1187 632 1248 quo
650 1166 716 1229 nati
733 1166 832 1243 furta,
850 1166 1030 1243 iuvencum,

143 1269 192 1318 360
210 1250 348 1316 occuluit
363 1250 463 1315 Liber
479 1250 550 1314 falsi
569 1250 628 1314 sub
646 1250 783 1336 imagine
802 1252 901 1329 cervi3

210 1357 335 1420 quaque
352 1346 443 1422 pater
460 1333 593 1419 Corythi
609 1358 709 1420 parva
726 1338 899 1401 tumulatus
916 1337 1036 1402 harena
1051 1350 1114 1420 est;

210 1434 241 1487 et
258 1443 337 1506 quos
354 1422 469 1487 Maera
485 1443 568 1485 novo
585 1422 700 1498 latratu
718 1423 828 1486 terruit
846 1444 953 1507 agros3

208 1506 427 1592 Eurypylique
445 1507 570 1582 urbem,
588 1528 652 1589 qua
670 1504 758 1572 Coae
776 1530 893 1572 cornua
910 1520 1025 1573 matres

130 1611 132 1614 ’
209 1603 388 1678 gesserunt,
407 1603 474 1656 tum
493 1614 565 1656 cum
583 1593 758 1657 discederet
774 1594 922 1658 Herculis
941 1616 1072 1678 agmen3

142 1696 191 1746 365
208 1677 455 1760 Phoebeamque
473 1677 610 1742 Rhodon
628 1688 660 1743 et
676 1678 810 1763 Ialysios
827 1679 1008 1757 Telchinas,

210 1786 343 1848 quorum
361 1763 468 1828 oculos
485 1762 554 1848 ipso
573 1763 718 1829 vitiantes
735 1764 841 1828 omnia
858 1765 929 1829 visu

208 1849 353 1935 Iuppiter
369 1869 484 1914 exosus
501 1847 647 1912 fraternis
665 1849 805 1914 subdidit
822 1850 926 1914 undis.

130 2013 132 2017 ι
209 1935 321 1999 transit
338 1944 369 1999 et
386 1933 536 2017 antiquae
554 1931 703 1999 Carthe'r'a
720 1936 846 1999 moenia
864 1933 959 2012 Ceae,

208 2043 273 2103 qua
289 2030 379 2105 pater
396 2019 580 2083 Alcidamas
597 2020 754 2105 placidam
773 2020 812 2087 de
831 2042 960 2106 corpore
977 2031 1072 2086 natae

142 2127 192 2176 aro
209 2105 377 2170 miraturus
395 2117 463 2169 erat
480 2105 568 2169 nasci
585 2106 725 2190 potuisse
743 2107 932 2171 columbam.

209 2192 282 2257 inde
299 2193 387 2256 lacus
405 2190 523 2276 Hyries
542 2190 628 2255 videt
646 2201 678 2256 et
696 2189 837 2276 Cycne'r'a
854 2192 986 2276 Tempe,

208 2298 291 2360 quae
308 2277 431 2341 subitus
450 2276 620 2341 celebravit
637 2278 714 2341 olor.
757 2301 832 2341 nam
849 2278 995 2362 Phyllius
1013 2276 1076 2342 illic

208 2363 339 2448 imperio
357 2361 447 2447 pueri
464 2362 672 2446 volucresque
690 2363 855 2446 serumque
873 2363 995 2429 leonem

208 2448 381 2514 tradiderat
398 2446 542 2512 domitos.
586 2459 713 2513 taurum
731 2469 856 2532 quoque
875 2449 1000 2515 vincere
1017 2446 1122 2514 iussus

141 2555 190 2604 3⁷5
209 2535 340 2609 vicerat,
359 2543 390 2599 et
408 2544 513 2619 spreto
531 2534 644 2600 totiens
661 2535 761 2598 iratus
778 2555 886 2600 amore

207 2619 347 2706 praemia
363 2619 505 2704 poscenti
522 2629 648 2683 taurum
666 2642 813 2704 suprema
829 2619 978 2706 negabat.

207 2706 261 2771 ille
277 2704 460 2789 indignatus
479 2705 601 2789 ‘cupies
619 2704 708 2769 dare'
728 2705 819 2781 dixit,
839 2718 870 2770 et
888 2706 952 2769 alto

208 2790 334 2857 desiluit
352 2812 437 2854 saxo.
482 2790 587 2854 cuncti
605 2790 753 2854 cecidisse
771 2791 939 2876 putabant:

207 2876 310 2941 factus
329 2876 397 2940 olor
413 2876 514 2940 niveis
532 2875 690 2960 pendebat
707 2876 740 2940 in
758 2882 830 2941 aere
847 2875 969 2961 pennis.

142 2983 192 3033 aso
211 2972 243 3026 at
260 2962 404 3048 genetrix
421 2960 538 3046 Hyrie,
557 2961 672 3026 servati
689 2960 810 3038 nescia,
828 2962 933 3026 flendo

212 3047 334 3111 dilicuit
354 3058 403 3110 sta
448 3067 566 3129 umque
584 3069 641 3110 suo
660 3046 699 3110 de
715 3047 843 3111 nomine
860 3047 944 3112 fecit.

208 3133 332 3197 adiacet
348 3069 570 3209 hisglileuron,
588 3130 620 3194 in
638 3153 702 3215 qua
719 3132 948 3218 trepidantibus
967 3134 1024 3197 alis

209 3216 332 3303 Ophias
351 3217 461 3303 effugit
479 3229 626 3281 natorum
644 3219 775 3282 vulnera
794 3215 926 3282 Combe.

208 3304 282 3368 inde
301 3301 476 3368 Calaureae
495 3302 647 3367 Letoidos
665 3303 776 3387 aspicit
794 3326 880 3379 arva,

140 3410 189 3459 885
207 3390 240 3452 in
258 3389 418 3453 volucrem
436 3388 518 3453 versi
537 3410 610 3452 cum
627 3389 762 3473 coniuge
780 3388 905 3453 conscia
922 3389 1016 3474 regis.

208 3476 337 3539 dextera
355 3471 489 3559 Cyllene
508 3485 569 3549 est,
587 3474 618 3537 in
638 3495 701 3557 qua
719 3496 791 3538 cum
808 3486 909 3538 matre
926 3473 1128 3560 Menephron

208 3559 433 3624 concubiturus
452 3570 518 3623 erat
536 3581 702 3622 saevarum
721 3581 807 3623 more
825 3560 972 3624 ferarum.

208 3643 369 3730 Cephison
388 3645 498 3729 procul
515 3643 588 3708 hinc
607 3645 772 3709 deflentem
791 3645 856 3708 fata
877 3645 999 3729 nepotis

206 3730 333 3815 respicit
351 3730 384 3792 in
402 3729 555 3793 tumidam
574 3730 695 3814 phocen
714 3730 755 3794 ab
772 3729 922 3815 Apolline
941 3728 1022 3794 versi
1028 3755 1037 3807 3

140 3837 189 3885 aaa
207 3815 397 3898 Eumelique
416 3816 544 3878 domum
562 3815 699 3900 lugentis
716 3815 750 3877 in
768 3820 840 3879 aiere
857 3826 977 3878 natum.

207 3902 334 3965 tandem
354 3900 488 3984 vipereis
506 3900 657 3984 Ephyren
675 3899 827 3965 Pirenida
843 3900 956 3985 pennis

207 3985 348 4069 contigit.
393 3984 444 4049 hic
462 4008 541 4050 aevo
559 3997 680 4049 veteres
697 3985 841 4049 mortalia
879 3985 959 4049 rimo

207 4093 338 4157 corpora
356 4070 527 4163 vulgarunt
543 4070 735 4157 pluvialibus
753 4071 838 4136 edita
855 4008 972 4158 lirngis.
