2574 4478
152 303 216 371 214
483 317 516 372 Ρ.
536 318 660 376 OVIDII
677 315 841 374 NASONIS

152 442 250 509 frater
267 454 349 520 erat3
367 441 506 507 fraterna
523 452 607 526 peto.
651 440 729 525 quid
746 439 900 526 sanguine
919 449 1024 506 cretus

154 528 304 614 Sisyphio
321 528 477 612 furtisque
496 541 526 592 et
544 526 656 592 fraude
674 526 850 591 simillimus
867 525 913 590 illi

152 614 261 679 inserit
278 613 428 679 Aeacidis
447 613 567 678 alienae
584 613 713 676 nomina
729 611 853 697 gentis?
870 647 913 658 -

153 723 194 763 an
212 699 298 783 quod
314 700 348 763 in
366 722 454 762 arma
471 698 556 783 prior
573 699 724 781 nulloque
742 697 802 762 sub
819 696 923 761 indice
941 697 1024 774 veni,

102 805 134 854 ot
153 809 240 849 arma
257 785 404 871 neganda
420 784 516 848 mihi?
542 784 708 869 potiorque
726 782 884 847 videbitur
900 783 964 857 ille,

153 871 264 935 ultima
281 871 337 953 qui
355 870 439 955 cepit
456 870 704 951 detrectavitque
721 869 827 934 furore

152 956 296 1020 militiam
312 955 401 1031 ficto,
420 956 521 1019 donec
539 954 692 1019 sollertior
709 954 781 1031 isto,

153 1043 210 1107 sed
227 1041 286 1106 sibi
304 1041 451 1116 inutilior,
469 1040 569 1104 timidi
588 1052 766 1105 commenta
782 1040 896 1105 retexit

153 1126 348 1212 Naupliades
366 1126 463 1190 animi
480 1126 643 1210 vitataque
659 1124 754 1190 traxit
768 1124 810 1188 ad
822 1125 930 1189 arma?

101 1233 136 1282 4ο
153 1213 273 1298 optima
289 1234 366 1275 num
385 1222 502 1287 sumat,
521 1212 596 1293 quia
614 1233 737 1276 sumere
754 1210 856 1275 noluit
871 1211 951 1275 ullar

152 1320 210 1362 nos
229 1298 406 1362 inhonorati
424 1309 455 1363 et
473 1297 563 1361 donis
580 1295 776 1382 patruelibus
793 1295 873 1372 orbi,

153 1384 323 1447 obtulimus
341 1383 417 1466 quia
433 1405 491 1446 nos
509 1383 550 1446 ad
567 1383 669 1467 prima
686 1381 836 1467 pericula,
854 1381 973 1445 simus?
989 1417 1033 1429 —

153 1479 248 1553 atque
265 1469 387 1533 utinam
405 1479 459 1533 aut
480 1491 570 1532 verus
588 1468 677 1532 furor
693 1467 759 1542 ille,
778 1479 833 1531 aut
851 1467 990 1533 creditus
1008 1477 1097 1544 esset,

152 1577 212 1620 nec
230 1576 335 1620 comes
352 1555 404 1618 hic
421 1553 579 1639 Phrygias
597 1575 736 1636 unquam
755 1552 893 1618 venisset
910 1553 952 1617 ad
969 1574 1058 1618 arces

102 1660 135 1708 45
153 1640 294 1705 hortator
311 1638 479 1705 scelerum!
497 1661 562 1703 non
579 1652 625 1716 te,
642 1638 798 1704 Poeantia
815 1633 930 1723 proles,

154 1725 332 1810 expositmn
350 1725 491 1790 Lemnos
508 1736 615 1789 nostro
633 1746 706 1789 cum
724 1724 854 1789 crimine
871 1723 1019 1789 haberet:

154 1812 210 1894 qui
226 1833 326 1887 nuno,
344 1822 380 1874 ut
396 1822 586 1885 memorant,
604 1810 801 1875 silvestribus
818 1809 945 1874 abditus
965 1810 1062 1874 antris

155 1920 232 1961 saxa
248 1918 357 1962 moves
374 1896 496 1982 gemitu
512 1895 766 1979 Laertiadaeque
784 1895 934 1981 precaris,

153 2004 236 2065 quae
253 1982 382 2059 meruit3
400 2004 496 2065 quae,
514 1981 541 2045 si
559 1982 591 2045 di
609 1993 696 2058 sunt,
713 2003 778 2045 non
795 2003 878 2045 vana
895 1981 1045 2066 precaris.

103 2087 137 2135 50
155 2080 186 2132 et
202 2090 287 2133 nuuc
304 2068 370 2143 ille,
389 2067 500 2132 eadem
517 2067 608 2131 nobis
625 2067 746 2131 iuratus
763 2066 797 2131 in
814 2090 912 2143 arma,

153 2154 230 2218 beul
248 2176 321 2238 pars
340 2176 403 2218 una
421 2154 552 2230 ducum,
570 2174 634 2236 quo
652 2174 832 2217 successore
849 2153 986 2237 sagittae

153 2240 301 2304 Herculis
319 2250 459 2314 utuntur,
477 2239 596 2303 fractus
614 2238 788 2322 morboque
805 2238 954 2320 fameque

153 2325 337 2407 velaturque
355 2325 511 2407 aliturque
528 2324 655 2401 avibus,
673 2324 879 2407 volucresque
896 2322 1042 2409 petendo·

154 2410 261 2476 debita
278 2410 424 2474 Troianis
442 2421 567 2475 exercet
584 2409 705 2494 spicula
722 2409 804 2473 fatis.
818 2440 862 2449 -

102 2513 135 2562 ⁶5
153 2496 206 2560 ille
223 2508 330 2561 tamen
346 2496 439 2572 vivit,
456 2496 531 2578 quia
548 2517 612 2559 non
629 2495 790 2561 comitavit
806 2493 937 2562 Ulixen.

153 2583 260 2647 mallet
277 2592 310 2646 et
325 2581 436 2645 infelix
453 2581 642 2646 Palamedes
660 2603 729 2645 esse
746 2580 888 2645 relictus:

157 2655 300 2744 [viveret
318 2670 374 2722 aut
390 2674 474 2723 certe
491 2659 589 2722 letum
608 2659 675 2723 sine
692 2658 822 2723 crimine
839 2657 995 2756 haberet]

155 2760 250 2823 quem
267 2741 350 2806 male
368 2740 503 2806 convicti
520 2740 654 2805 nimium
671 2762 792 2806 memor
808 2741 867 2806 iste
885 2742 1002 2806 furorrs

154 2827 286 2911 prodere
303 2849 371 2892 rem
388 2826 535 2891 Danaam
552 2826 643 2890 finxit
660 2826 832 2909 fictumque
849 2826 998 2911 probavit

104 2929 137 2979 60
155 2911 272 2977 crimen
290 2923 321 2976 et
338 2911 486 2987 ostendit,
506 2912 671 2995 quodiam
689 2911 904 2997 praefoderat,
923 2935 1047 2978 aurum.

154 3019 231 3083 ergo
249 3008 303 3062 aut
322 2997 415 3061 exilio
432 2997 515 3062 vires
533 2996 685 3061 subduxit
701 2997 835 3062 Achivis

155 3095 210 3147 aut
225 3105 317 3147 nece:
335 3083 380 3147 sic
397 3093 533 3168 pugnat,
552 3082 598 3147 sic
615 3094 662 3147 est
678 3083 866 3147 metuendus
884 3081 1009 3148 Ulixes.
1027 3119 1069 3130 —

154 3168 209 3250 qui
225 3168 299 3232 licet
316 3168 441 3251 eloquio
458 3168 558 3232 fidum
576 3189 702 3252 quoque
719 3167 855 3232 Nestora
872 3169 987 3243 vincat,

153 3251 238 3317 haud
257 3263 363 3319 tamen
381 3253 510 3328 efficiet,
529 3254 687 3318 desertum
705 3265 741 3318 ut
757 3253 893 3318 Nestora
910 3255 1029 3318 crimen

103 3356 135 3405 65
154 3361 223 3402 esse
240 3361 311 3402 rear
326 3339 463 3416 nullum3
481 3339 537 3421 qui
555 3361 627 3404 cum
645 3339 826 3424 imploraret
842 3337 973 3403 Ulixem

153 3425 282 3488 vulnere
299 3424 407 3488 tardus
426 3426 500 3508 equi
517 3424 683 3507 fessusque
701 3425 852 3490 senilibus
870 3425 972 3501 annis,

152 3509 294 3595 proditus
312 3532 331 3572 a
349 3509 433 3574 socio
451 3523 508 3574 est.
551 3532 615 3574 non
632 3511 711 3575 haec
729 3510 804 3574 mihi
823 3509 955 3574 crimina
972 3509 1049 3595 fingi

154 3595 213 3659 scit
230 3595 310 3660 bene
327 3594 483 3680 Tydides,
501 3596 556 3679 qui
573 3597 700 3660 nomine
718 3618 811 3680 saepe
830 3608 976 3659 vocatum

154 3681 304 3766 corripuit
321 3680 506 3765 trepidoque
524 3680 634 3766 fugam
652 3680 854 3766 exprobravit
871 3679 984 3745 amico.

103 3785 135 3834 70
153 3766 310 3851 aspiciunt
327 3765 425 3830 oculis
443 3767 549 3851 superi
566 3767 710 3831 mortalia
726 3766 828 3831 iustis:

153 3874 193 3916 en
210 3863 283 3936 eget
301 3851 428 3929 auxilio,
446 3851 502 3935 qui
519 3873 583 3916 non
600 3852 685 3927 tulit3
703 3864 801 3934 utque
819 3850 956 3936 reliquit,

153 3935 198 4000 sic
214 3936 404 4018 linquendus
423 3950 502 4002 erat:
521 3937 625 4022 legem
643 3937 703 4001 sibi
722 3936 843 4000 dixerat
860 3937 937 4022 ipse.

153 4022 328 4086 conclamat
344 4022 455 4087 socios.
499 4022 626 4098 adsum,
644 4022 799 4105 videoque
816 4032 1002 4087 trementem

152 4106 384 4195 pallentemque
401 4118 488 4174 metu
507 4120 538 4175 et
555 4107 763 4196 trepidantem
780 4121 881 4175 morte
899 4107 1016 4173 futura.
1068 4182 1073 4191 Ι
1137 4150 1141 4159 -
