2574 4478
251 191 617 248 METAMORPHOSEON
634 191 707 247 LIB.
725 191 776 246 IX.
795 192 939 248 451-538.
1043 179 1103 245 157

82 317 161 401 quid
179 315 256 380 mihi
273 314 453 400 significant
469 337 545 400 ergo
563 338 635 380 mea
651 314 737 378 visa?
763 315 849 398 quod
866 325 973 381 autem
1122 335 1171 386 495

82 403 208 466 somnia
224 402 349 487 pondus
367 400 503 464 habent?
530 423 570 464 an
587 400 706 464 habent
723 410 755 465 et
772 401 894 466 somnia
910 402 1053 487 pondus?

82 489 117 552 di
135 487 263 552 melius!
281 524 323 533 —
340 486 372 550 di
389 508 504 586 nempe
521 508 594 550 suas
612 486 751 551 habuere
769 487 904 552 sorores!

84 574 131 638 sic
149 572 307 640 Saturnus
326 570 447 658 Opem,
464 581 605 637 iunctam
623 571 682 636 sibi
700 573 869 658 sanguine,
888 574 993 640 duxit:

84 657 237 724 Oceanus
255 658 394 743 Tethyn,
411 658 566 722 Iunonem
583 667 686 722 rector
703 655 845 744 Olympi.

83 753 160 808 sunt
178 744 299 829 superis
317 766 375 808 sua
392 744 470 807 iura.
514 743 591 826 quid
609 742 650 807 ad
667 743 815 808 caelestia
831 744 909 809 ritus

83 829 213 916 exigere
230 829 385 893 humanos
403 829 590 910 diversaque
608 828 737 893 foedera
754 831 892 914 tempto?

83 926 141 979 aut
157 926 265 980 nostro
282 913 397 980 vetitus
415 915 456 978 de
474 915 567 978 corde
584 913 748 999 fugabitur
765 917 867 992 ardor,

83 1011 141 1064 aut
157 1000 218 1065 hoo
236 1000 263 1065 si
280 1021 414 1082 nequeo,
431 1022 560 1085 peream
577 1021 689 1084 precor
705 1011 778 1065 ante
795 1012 927 1084 toroque

82 1097 210 1150 mortua
227 1108 408 1170 componar,
424 1085 609 1170 positaeque
627 1086 680 1150 det
697 1086 804 1150 oscula
821 1086 927 1151 frater.

82 1182 116 1236 et
134 1182 240 1236 tamen
259 1171 422 1236 arbitrium
440 1170 563 1254 quaerit
579 1193 630 1235 res
647 1171 708 1234 ista
726 1172 870 1235 duorum.

81 1257 171 1343 finge
187 1258 312 1342 placere
329 1256 420 1321 mihi:
439 1257 541 1320 scelus
560 1279 628 1320 esse
646 1257 805 1321 videbitur
820 1256 879 1321 illi!

82 1353 117 1406 at
135 1363 199 1406 non
217 1341 373 1407 Aeolidae
391 1342 544 1406 thalamos
562 1342 696 1406 timuere
713 1364 866 1406 sororum.

81 1427 170 1492 unde
187 1427 244 1492 sed
261 1427 319 1491 hos
336 1428 430 1491 novi?
448 1450 504 1492 our
521 1427 599 1491 haec
617 1428 762 1512 exempla
779 1428 907 1512 paravi?

80 1534 148 1596 quo
166 1512 268 1577 feror?
290 1512 445 1578 obscenae
463 1513 572 1597 procul
588 1511 663 1577 hino
680 1513 830 1578 discedite
847 1515 1003 1591 flammae,

80 1620 157 1675 nec,
176 1599 236 1662 nisi
254 1620 318 1681 qua
335 1599 384 1663 fas
402 1609 449 1663 est
466 1620 650 1682 germanae,
667 1597 766 1663 frater
782 1610 914 1663 ametur.

80 1685 110 1747 si
129 1693 235 1748 tamen
252 1683 320 1782 ipse
338 1705 409 1748 meo
428 1694 538 1768 captus
557 1684 642 1767 prior
659 1694 742 1749 esset
759 1706 875 1761 amore,

79 1769 216 1833 forsitan
234 1769 318 1833 ilhus
335 1791 462 1854 possem
478 1769 644 1854 indulgere
661 1769 769 1834 furori.

80 1876 161 1940 ergo
179 1876 249 1940 ego,
268 1875 349 1936 quae
367 1854 489 1919 fueram
507 1876 570 1918 non
587 1854 742 1920 reiectura
758 1864 928 1940 petentem,

78 1941 153 2025 ipsa
169 1940 295 2025 petam?
320 1940 478 2024 poterisne
495 1939 601 2022 loqui?
618 1941 777 2024 poterisne
795 1941 907 2005 fateri?

80 2035 178 2110 coget
195 2047 297 2089 amor:
315 2035 435 2110 potero.
479 2025 543 2099 vel,
562 2025 588 2089 si
605 2025 708 2109 pudor
725 2049 781 2091 ora
798 2027 926 2105 tenebit,

79 2112 188 2175 littera
206 2111 322 2175 celatos
340 2132 455 2174 arcana
472 2109 624 2175 fatebitur
641 2111 750 2196 ignes!

78 2196 144 2259 hoc
161 2196 279 2280 placet,
298 2195 377 2260 haec
394 2196 523 2260 dubiam
543 2195 618 2260 vicit
635 2197 790 2261 sententia
807 2208 955 2262 mentem.

78 2283 116 2345 in
133 2282 216 2344 latus
234 2281 374 2366 erigitur,
393 2280 564 2363 cubitoque
580 2281 689 2346 innixa
706 2282 832 2346 sinistro

79 2367 225 2431 ‘videritz
244 2365 384 2431 insanos’
403 2366 505 2448 inquit
523 2365 693 2431 ‘fateamur
710 2388 842 2433 amores.

78 2453 112 2518 ei
129 2451 220 2516 mihil
239 2473 302 2535 quo
319 2451 427 2516 labor?
444 2473 539 2534 quem
557 2474 646 2516 mens
664 2475 735 2517 mea
753 2453 889 2537 concipit
905 2452 1046 2540 ignemi'

79 2550 115 2602 et
132 2537 284 2603 meditata
300 2560 397 2601 manu
415 2537 575 2621 componit
592 2537 690 2602 verba
707 2538 862 2602 trementi.

78 2625 194 2688 dextra
211 2633 297 2687 tenet
314 2623 447 2698 ferrum,
466 2644 600 2686 vacuam
618 2633 704 2688 tenet
722 2624 820 2688 altera
837 2646 952 2690 ceram.

77 2709 206 2794 incipit,
225 2718 256 2774 et
274 2708 411 2772 dubitat:
430 2708 547 2783 scribit,
566 2709 758 2792 damnatque
774 2710 921 2775 tabellas:

78 2805 115 2860 et
131 2804 234 2868 notat,
253 2806 284 2858 et
302 2794 399 2858 delet:
417 2802 519 2857 mutat
536 2795 706 2879 culpatque
722 2795 913 2879 probatque:

76 2882 178 2963 inque
195 2878 297 2943 vicem
315 2888 457 2963 sumptas
475 2878 564 2963 ponit
581 2880 762 2964 positasque
780 2881 921 2946 resumit.

77 2966 159 3048 quid
177 2964 266 3040 velit,
283 2964 423 3050 ignorat3
442 2964 593 3047 quicquid
610 2965 734 3030 factura
751 2965 887 3043 videtur,

78 3050 240 3136 displicet:
258 3050 292 3114 in
309 3050 400 3113 vultu
418 3059 466 3114 est
483 3049 617 3114 audacia
634 3051 733 3116 mixta
750 3051 873 3136 pudori.

77 3137 198 3220 scripta
216 3135 331 3200 ‘soror’
350 3135 467 3198 fuerat:
485 3135 589 3198 visum
607 3146 655 3200 est
672 3137 776 3202 delere
794 3159 933 3203 sororem

78 3223 244 3304 verbaque
262 3220 409 3295 correctis
427 3220 565 3285 incidere
584 3221 658 3285 talia
676 3222 770 3287 ceris:

77 3317 206 3390 ‘quam‚
224 3306 285 3371 nisi
302 3318 337 3370 tu
356 3305 490 3382 dederis,
508 3328 572 3370 non
591 3318 638 3371 est
654 3307 801 3373 habitura
818 3309 963 3386 salutem,

76 3394 164 3458 hanc
182 3392 239 3455 tibi
256 3392 353 3456 mittit
370 3415 490 3456 amans.
533 3391 642 3476 pudet,
661 3393 695 3457 al
712 3393 812 3478 pudet
830 3395 923 3460 edere
940 3418 1065 3462 nomen.

77 3489 112 3544 ct
130 3477 172 3554 si,
190 3477 267 3560 quid
285 3477 426 3563 cupiam,
445 3478 584 3560 quaeris,
604 3477 671 3544 sine
688 3479 816 3545 nomine
834 3482 947 3547 vellem

76 3573 188 3650 posset
205 3563 259 3648 agi
275 3585 347 3628 mea
364 3584 461 3627 causa
478 3585 560 3639 me0,
579 3586 638 3629 nec
656 3566 783 3650 cognita
800 3566 913 3650 Byblis

77 3660 152 3714 ante
170 3648 286 3725 forem,
304 3670 400 3731 quam
419 3670 490 3733 spes
508 3658 654 3713 votorum
672 3661 757 3714 certa
774 3650 895 3717 fuisset.

77 3757 148 3801 esse
166 3733 295 3817 quidem
313 3733 390 3799 laesi
408 3745 530 3818 poterat
547 3734 604 3798 tibi
621 3736 756 3820 pectoris
774 3736 870 3802 index

77 3831 111 3885 et
128 3821 215 3884 color
232 3831 264 3884 et
281 3820 398 3885 macies
417 3830 448 3884 et
465 3821 571 3883 vultus
589 3830 621 3884 et
638 3821 747 3885 umida
765 3844 861 3906 saepe

75 3906 215 3981 lumina,
232 3927 293 3970 nec
310 3927 406 3970 causa
424 3905 558 3990 suspiria
574 3917 661 3970 mota
679 3906 809 3991 patenti,

77 4002 110 4057 et
127 3990 230 4057 crebri
249 3992 427 4076 amplexus,
446 4001 477 4056 et
494 4013 591 4074 quae,
610 3990 637 4055 si
654 3991 735 4057 forte
753 3990 878 4069 notasti,
