2574 4478
158 245 523 303 METAMORPHOSEON
540 248 612 301 LIB.
632 248 694 304 VII.
713 247 839 303 86-173.
949 236 1009 301 109
1111 314 1113 319 ,

78 390 139 452 que
156 370 258 454 magis
276 370 390 434 mirum
409 382 470 445 est,
489 371 582 434 simul
600 370 684 435 edita
703 370 840 436 concutit
858 394 954 436 arma.
1030 394 1078 444 130

88 456 144 519 ubi
162 456 308 520 viderunt
325 467 513 556 praeacutae
532 457 669 540 cuspidis
687 456 793 520 hastas

79 552 137 626 put
154 541 350 605 Haemonii
341 541 463 606 ruvenis
482 552 648 624 torquere
644 552 757 627 parant
758 565 802 618 es,

78 649 144 691 sere
163 638 249 690 metu
267 628 334 691 vult
323 640 453 727 tumque
472 627 674 710 animumque
695 627 835 712 Pelasgi

77 733 204 795 quoque
222 736 261 776 ex
263 713 380 788 timuit,
399 723 532 795 quaetu
534 723 602 776 tum
620 712 738 778 fecerat
754 713 857 777 illum:

78 812 159 882 ιροι
160 822 172 860 ι
147 798 294 861 ι”ν1(11ι
256 809 432 862 truvenem
450 810 497 898 tot
515 799 556 862 ab
574 798 717 862 hostibus
734 821 844 874 unum,

78 885 102 947 rt
119 895 150 947 e
138 883 270 947 tsubito
239 884 355 947 tosine
373 883 527 968 sanguine
544 882 758 983 frigidat
677 883 772 948 sedit:

87 993 199 1054 parum
217 969 344 1033 valeant
361 993 380 1032 a
398 992 431 1033 se
450 969 523 1033 data
540 969 698 1054 gramina,
717 991 843 1035 carmen

78 1056 141 1118 iare
160 1054 243 1119 canit
261 1064 460 1137 secretasque
478 1055 613 1119 advocat
600 1065 723 1119 t.artes

78 1163 189 1204 ravem
207 1140 327 1204 medios
346 1141 463 1204 silicem
481 1140 662 1205 iaculatus
653 1165 685 1204 m
703 1140 808 1204 hostes

78 1226 244 1310 depulsum
261 1226 349 1289 Mart
337 1236 400 1288 tem
418 1227 572 1290 convertit
588 1226 621 1290 in
638 1226 732 1311 ipsos.

78 1334 164 1394 genae
182 1322 314 1396 pereunt
331 1334 387 1394 per
404 1322 514 1375 mutua
532 1312 663 1377 vulnera
680 1312 792 1375 fratres

78 1420 136 1480 que
155 1397 272 1461 cadunt
289 1397 366 1461 acie.
410 1408 576 1481 gratantur
592 1397 710 1462 Achivi

78 1504 202 1564 remque
220 1493 329 1546 tenent
347 1482 510 1565 avidisque
528 1482 726 1568 amplexibus
743 1482 883 1548 haerent.

78 1590 168 1650 ioque
186 1568 337 1632 victorem
355 1568 535 1652 complecti,
553 1569 703 1640 barbara,
722 1568 833 1632 velles:

78 1653 108 1715 :it
126 1654 230 1717 incet
218 1666 250 1717 ο
268 1653 370 1738 pudor
387 1663 418 1715 et
439 1651 616 1738 [complexa
633 1656 747 1718 fuisses

78 1760 107 1811 e,
126 1759 166 1800 ne
184 1677 304 1800 lpceres
310 1737 442 1824 ‚tenuit]
454 1739 629 1802 reverentia
645 1740 759 1802 famae.

91 1822 178 1896 licet,
197 1821 343 1886 affectut
331 1827 425 1886 tacito
393 1823 569 1886 tlaetaris
587 1825 718 1909 agisque

78 1908 178 1970 inibus
196 1917 302 1991 grates
320 1919 352 1971 et
369 1908 416 1971 dis
435 1919 507 1972 auct
495 1908 615 1972 toribus
633 1909 826 1973 1ιοιιιιιι.ι

78 1993 223 2077 rvigilem
240 2005 383 2078 superest
400 1994 505 2057 herbis
524 1994 626 2078 sopire
636 1995 823 2094 draconem,

79 2079 154 2141 rista
171 2079 350 2162 linguisque
368 2078 468 2142 tribus
485 2079 661 2164 praesignis
680 2091 711 2144 et
728 2082 818 2145 uncis

78 2164 134 2226 bus
152 2164 325 2227 horrendus
344 2175 413 2228 cust
414 2187 448 2228 os
466 2176 534 2229 erat
521 2165 670 2229 tarboris
689 2188 813 2229 aureae.

88 2259 255 2333 postquam
274 2251 468 2333 sparsitt
405 2250 468 2313 Let
469 2250 539 2313 haei
557 2250 699 2334 gramine
718 2252 784 2314 suci

78 2357 146 2418 tque
164 2348 212 2397 ter
229 2335 307 2397 dixit
324 2335 464 2418 placidos
482 2335 629 2399 facientia
647 2358 783 2409 somnos,

85 2443 172 2484 mare
191 2420 365 2494 turbatum,
384 2443 466 2502 quae
484 2421 606 2484 concita
622 2421 753 2484 flumina
770 2421 893 2498 sistunt,

77 2528 115 2568 us
133 2506 166 2568 in
184 2506 309 2590 ignotos
327 2507 434 2570 oculos
453 2505 513 2569 sibi
530 2507 630 2580 venit,
650 2517 680 2570 et
698 2529 774 2570 auro

95 2591 255 2654 Aesonius
272 2590 405 2675 potitur3
424 2591 587 2676 spolioque
606 2592 760 2676 superbus

78 2677 124 2739 ris
143 2687 303 2740 auctorem
320 2699 444 2752 secum,
462 2677 563 2761 spolia
580 2677 623 2740 alt
611 2687 692 2754 tera,
710 2689 840 2762 portans

78 2762 284 2825 :Iolciacost
273 2762 374 2846 tetigit
392 2785 465 2826 cum
483 2763 617 2862 coniuge
635 2773 705 2848 port
706 2786 753 2826 us.

78 2847 224 2911 οιιιοιιίιιο
242 2858 357 2911 matres
376 2871 470 2933 pro
452 2848 553 2912 ‹rnatis
572 2849 655 2912 dona
671 2860 779 2933 recept
780 2849 807 2911 is
976 2867 1071 2919 Aeson.

78 2935 220 3014 laevique
238 2934 343 2997 ferunt
331 2944 479 3017 tpatres,
498 2946 711 3018 congestaque
729 2935 857 2998 flamma
1023 2957 1072 3007 160

78 3019 295 3101 liquefaciunt,
312 3019 421 3082 induct
409 3030 504 3101 taque
523 3020 669 3083 comibus
688 3043 799 3083 aurum

78 3128 113 3166 na
131 3117 204 3166 vota
222 3104 315 3167 cadit.
360 3104 414 3169 sed
433 3105 523 3168 abest
540 3105 737 3188 gratantibus
755 3106 875 3181 Aeson,

78 3190 192 3274 ›ropior
209 3191 271 3253 leto
288 3189 454 3271 fessusque
472 3190 622 3254 senilibus
640 3191 740 3253 annis.

78 3276 120 3338 sic
138 3275 327 3338 Aesonides:
347 3281 379 3338 ίο
398 3275 449 3338 cui
467 3275 582 3340 debere
600 3277 734 3339 salutem

81 3383 144 3435 cor,
163 3361 313 3435 coniunx,
333 3382 526 3443 quamquam
544 3361 620 3424 mihi
638 3372 751 3425 cuncta
768 3361 892 3436 dedisti,
1022 3384 1070 3434 165

79 3447 180 3528 sitque
197 3446 292 3509 fidem
309 3447 492 3510 meritorum
510 3469 633 3510 summa
650 3457 789 3510 tuorum:

78 3555 133 3595 nen
151 3531 210 3595 hoc
228 3543 360 3616 possunt
377 3530 468 3614 (quid
486 3531 570 3596 enim
587 3554 650 3595 non
670 3532 808 3646 carmina
825 3533 1001 3617 possuntt),

93 3617 170 3680 meis
189 3617 278 3679 annis
297 3628 328 3680 et
346 3618 489 3701 demptos
507 3617 588 3682 adde
605 3617 748 3703 parenti?

78 3703 160 3767 enuit
148 3703 332 3766 tlacrimas.
376 3714 441 3766 mot
443 3726 462 3765 a
479 3714 526 3766 est
543 3702 594 3788 pie
596 3714 659 3767 tate
677 3714 790 3787 rogant
791 3703 827 3780 is,

78 3789 228 3869 rilemque
247 3788 387 3851 animum
405 3787 501 3851 subiit
519 3789 602 3854 Aeet
590 3800 623 3853 ta
639 3788 776 3853 relictus.

78 3896 166 3936 amen
183 3873 315 3937 affectus
333 3873 411 3936 tales
430 3874 573 3937 confessa
591 3873 730 3956 ‘quod'
721 3874 824 3958 inquit
965 3942 967 3947 ,

78 3959 114 4021 lit
132 3980 185 4022 ore
203 3971 271 4033 ιιιο,
290 3960 441 4034 coniunx,
460 3960 580 4023 scelus?
598 3980 673 4044 ergo
692 3982 752 4044 ego
770 3960 918 4044 cuiquam

92 4055 165 4107 tuae
182 4044 292 4108 videor
309 4043 446 4129 spatium
464 4045 686 4109 transscribere
703 4046 805 4111 vitae?
