2574 4478
170 277 232 341 122
498 290 531 342 P.
552 287 676 345 OVIDII
693 286 855 345 NASONIS

168 414 285 479 vertice
303 414 342 477 de
360 434 482 477 summo
501 436 624 497 semper
640 412 778 477 florentis
795 412 942 496 Hymetti

168 500 254 564 lutea
271 522 364 563 mane
381 498 467 563 videt
483 499 583 583 pulsis
601 499 728 561 Aurora
745 498 882 562 tenebris

168 585 366 667 invitumque
382 584 475 669 rapit.
518 584 612 647 liceat
628 583 707 647 mihi
723 605 799 647 vera
815 582 933 648 referre

102 688 150 738 705
168 693 246 756 pace
265 671 352 734 deae.
395 670 482 751 quod
499 669 539 732 sit
555 690 646 733 roseo
664 669 842 753 spectabilis
860 689 924 745 ore,

168 757 254 840 quod
272 766 377 820 teneat
392 755 486 830 lucis,
504 766 610 819 teneat
627 753 763 817 confinia
779 753 890 830 noctis,

168 841 321 906 nectareis
339 841 426 923 quod
442 840 544 904 alatur
562 840 651 922 aquis
668 874 712 885 —
729 860 789 923 ego
806 838 940 903 Procrin
958 838 1122 904 amabam:

169 939 296 1013 pectore
313 925 441 990 Procris
459 935 540 1000 erat,
557 924 685 988 Procris
702 924 780 988 mihi
798 946 924 1009 semper
940 923 973 987 in
992 946 1056 990 ore.

169 1035 259 1077 sacra
275 1011 336 1076 tori
353 1011 517 1093 coitusque
533 1031 633 1074 novos
651 1010 868 1093 thalamosque
885 1021 1028 1075 recentes

103 1115 152 1163 710
169 1098 333 1184 primaque
351 1096 465 1161 deserti
481 1095 658 1161 referebam
676 1097 805 1159 foedera
820 1096 904 1160 lecti.

169 1196 255 1247 mota
272 1182 332 1246 dea
349 1193 397 1246 est
414 1192 445 1246 et
462 1181 561 1245 “siste
579 1191 664 1257 tuas,
682 1181 818 1280 ingrate,
837 1181 996 1265 querelas:

169 1269 303 1333 Procrin
321 1266 442 1331 habel’'
460 1267 554 1343 dixit,
572 1267 683 1350 “quod
700 1289 728 1330 ει
745 1289 817 1330 mea
833 1267 967 1352 provida
983 1290 1074 1332 mens
1094 1279 1153 1344 est,

169 1376 233 1418 non
250 1353 398 1416 habuisse
416 1351 533 1428 voles,’'
551 1372 666 1435 meque
683 1351 730 1416 illi
746 1351 826 1416 irata
842 1352 971 1418 remisit.

170 1440 246 1503 dum
264 1439 358 1503 redeo
376 1458 563 1520 mecumque
581 1437 659 1502 deae
676 1449 850 1502 memorata
866 1447 1013 1515 retracto,

35 1603 36 1606 Ἴ
103 1540 152 1590 715
171 1547 240 1590 esse
257 1536 360 1588 metus
378 1522 495 1607 eoepit,
512 1546 552 1588 ne
569 1522 640 1587 iura
655 1522 774 1608 iugalia
791 1523 929 1587 coniunx

169 1632 233 1674 non
250 1610 331 1674 bene
349 1620 513 1673 servasset.
556 1607 653 1672 facies
671 1619 821 1690 aetasque
838 1608 968 1674 iubebat

170 1696 298 1760 credere
316 1694 518 1758 adulterium:
536 1693 747 1778 prohibebant
764 1693 890 1758 credere
908 1717 1022 1760 mores.

170 1782 226 1845 sed
243 1792 350 1844 tamen
367 1780 524 1855 afueram;
543 1780 599 1843 sed
617 1790 649 1844 et
666 1779 744 1844 haec
762 1789 843 1856 erat,
861 1780 946 1844 unde
963 1781 1121 1860 redibam,

170 1866 308 1930 criminis
326 1865 521 1949 exemplum3
540 1865 596 1929 sed
613 1875 728 1930 cuncta
744 1865 891 1930 timemus
909 1878 1062 1931 amantes.

105 1967 154 2017 770
171 1973 321 2035 quaerere
339 1951 424 2034 quod
441 1950 564 2014 doleam
582 1960 702 2027 statue,
721 1951 873 2034 donisque
890 1951 1040 2036 pudicam

171 2037 336 2101 sollicitare
353 2034 457 2100 fidem.
502 2036 590 2100 favet
606 2035 680 2100 huic
696 2036 825 2100 Aurora
841 2036 946 2101 timori

169 2124 378 2205 immutetque
396 2144 499 2186 meam
517 2120 641 2203 (videor
657 2122 807 2206 sensisse)
825 2122 970 2207 figuram.

169 2207 329 2272 Palladias
347 2207 419 2271 ineo
436 2228 500 2270 non
518 2207 756 2291 cognoscendus
774 2207 928 2284 Athenas,

170 2293 390 2377 ingrediorque
409 2292 547 2356 domum.
592 2293 685 2378 culpa
702 2292 814 2356 domus
830 2293 900 2378 ipsa
917 2295 1047 2361 carebat

103 2395 152 2446 775
171 2390 319 2460 castaque
337 2379 428 2463 signa
445 2377 542 2442 dabat
559 2378 749 2460 dominoque
767 2390 835 2443 erat
851 2379 946 2443 anxia
962 2392 1066 2466 rapto.

170 2464 224 2527 vix
242 2464 329 2527 aditu
346 2485 404 2548 per
420 2463 506 2528 mille
523 2464 612 2527 dolos
630 2463 670 2527 ad
688 2463 883 2528 Erechthida
899 2464 984 2530 facto

169 2560 206 2614 ut
222 2549 302 2624 vidi,
320 2549 459 2633 obstipui
476 2548 688 2631 meditataque
705 2571 806 2634 paene
823 2549 937 2634 reliqui

170 2645 394 2719 temptamenta
410 2634 482 2698 fide.
525 2634 608 2699 male
625 2657 691 2711 me,
709 2635 784 2717 quin
803 2657 879 2699 vera
896 2635 1023 2714 faterer,

170 2720 323 2796 continui3
341 2721 437 2796 male,
456 2719 545 2801 quin,
563 2731 599 2783 ut
616 2721 767 2804 oportuit,
786 2721 894 2784 oscula
911 2720 1037 2787 ferrem.

103 2822 152 2871 730
170 2805 265 2868 tristis
283 2815 351 2869 erat
370 2805 438 2888 (sed
454 2805 542 2869 nulla
558 2816 664 2869 tamen
681 2805 847 2870 formosior
863 2805 918 2871 illa

170 2912 238 2954 esse
255 2900 359 2975 potest
376 2890 469 2971 tristi)
488 2890 705 2973 desiderioque
723 2890 850 2955 dolebat

170 2975 312 3059 coniugis
331 2975 462 3060 abrepti.
506 2987 540 3039 tu
559 2976 681 3061 collige,
699 2976 801 3059 qualis
819 2977 852 3040 in
868 2976 933 3054 illa,

169 3060 288 3136 Phooe,
307 3061 402 3124 decor
418 3060 526 3137 fuerit,
544 3083 640 3144 quam
658 3061 703 3126 sic
721 3062 810 3126 dolor
826 3063 894 3147 ipse
912 3063 1056 3129 decebat.

170 3146 246 3227 quid
263 3145 412 3220 referam,
430 3146 576 3228 quotiens
593 3146 799 3231 temptamina
815 3158 922 3212 nostra
938 3149 1047 3233 pudici

103 3249 151 3299 735
169 3231 362 3315 reppulerint
378 3232 663 3315 moresl‘quotieus
681 3232 791 3319 “ego''
809 3233 924 3298 dixerit
941 3234 1023 3298 “uni

169 3339 290 3393 servor3
308 3316 500 3399 ubicumque
518 3327 579 3394 est,
598 3318 653 3381 uni
669 3339 741 3382 mea
758 3318 876 3405 gaudia
893 3319 1029 3383 servo”?

169 3401 220 3466 cui
237 3423 301 3465 non
317 3402 378 3466 ista
395 3402 457 3466 fide
475 3404 550 3467 satis
569 3403 762 3489 experientia
779 3425 855 3469 sano
1086 3399 1089 3403 ⁵

168 3509 286 3571 magna
302 3487 402 3552 foret?
436 3509 500 3551 non
519 3511 589 3553 sum
608 3500 783 3566 contentus,
802 3489 882 3554 etin
899 3512 972 3554 mea
988 3510 1094 3577 pugno

168 3574 312 3646 vulnera,
331 3573 408 3636 dum
426 3595 538 3638 census
557 3574 632 3639 dare
649 3597 701 3638 me
718 3597 775 3659 pro
792 3585 885 3639 nocte
902 3575 1058 3660 paciscor:

102 3677 151 3726 740
168 3679 360 3740 muneraque
379 3659 525 3742 augendo
543 3660 670 3724 tandem
689 3659 832 3724 dubitare
850 3661 949 3745 coe‘gi.

169 3743 325 3807 exclamo:
347 3750 457 3808 “nune
474 3744 558 3807 ultor
575 3744 679 3809 adestl
701 3745 784 3810 male
800 3746 892 3809 fictus
911 3746 1035 3812 adulter

168 3850 261 3891 verus
280 3851 366 3892 eram
384 3830 530 3893 coniunx.
573 3852 635 3907 mc,
652 3831 782 3915 perfida,
800 3842 878 3894 teste
896 3830 1042 3896 teneris.’'

168 3912 223 3976 illa
239 3912 326 3977 nihil.
370 3914 466 3978 tacito
484 3916 702 3980 tantummodo
720 3916 802 3979 victa
820 3916 941 4000 pudore

168 3997 318 4063 insidiosa
334 4000 417 4063 malo
435 4022 508 4063 cum
526 4000 660 4086 coniuge
676 4001 784 4065 limina
800 4001 897 4086 fugit:

101 4103 149 4156 745
168 4083 351 4168 offensaque
368 4084 432 4150 mei
449 4107 550 4171 genus
568 4108 661 4152 omne
679 4109 791 4173 perosa
809 4086 948 4152 virorum
