2574 4478
222 186 589 279 nmrauoaeuosnou
606 220 679 277 nra.
697 221 750 277 111.
769 205 928 278 aar—raa
1036 208 1078 274 49

58 347 243 416 abstrahere
260 347 333 412 inde
350 359 468 433 potesta
487 348 543 412 sed
561 370 660 432 opaca
677 348 767 412 fusus
785 349 817 412 in
834 348 932 413 herba

59 445 183 523 spectat
199 435 359 519 inexpleto
376 435 561 499 mendacem
578 434 698 499 lumine
715 435 859 510 formam,

58 543 181 608 perque
198 520 306 584 oeulos
322 519 403 605 perit
420 519 489 605 ipse
506 540 589 584 suos.
633 520 826 605 paulumque
844 520 965 585 levatus
1097 539 1148 589 440

60 608 102 672 ad
120 607 359 672 circumstantes
377 606 509 671 tendens
527 628 585 670 sua
601 605 749 670 bracchia
767 606 861 670 silvas

60 691 200 775 ‘eequis,
219 691 250 755 io
267 689 379 768 silvae,
399 691 571 756 crudelius'
589 690 692 773 inquit
709 691 861 755 ‘amaviti

61 778 147 842 scitis
166 777 265 851 enim,
284 788 316 840 et
332 776 439 841 multis
455 777 577 841 latebra
594 788 772 861 opportuna
788 776 903 841 fuistis.

61 885 209 946 ecquem,
227 884 300 925 cum
317 873 441 927 vestrae
459 872 505 926 tot
522 872 658 947 agantur
674 862 801 927 saecula
818 862 912 938 vitae,

61 949 117 1032 qui
135 948 181 1012 sic
198 947 348 1023 tabuerit,
366 946 462 1032 longo
480 946 665 1011 meministis
682 947 715 1011 in
733 948 831 1012 aevo?
1098 967 1148 1017 445

62 1046 93 1099 et
110 1034 230 1119 placet,
249 1042 280 1096 et
297 1033 388 1097 video
394 1057 403 1110 ;
421 1032 477 1097 sed
495 1032 580 1115 quod
598 1032 752 1117 videoque
770 1033 946 1118 placetque,

61 1142 126 1184 uon
144 1130 252 1182 tamen
268 1117 407 1182 invenio:
426 1128 532 1182 tantus
550 1129 636 1183 tenet
653 1139 739 1182 error
756 1119 928 1183 amanteml

62 1225 192 1288 quoque
210 1202 311 1288 magis
329 1203 469 1279 doleam,
487 1224 546 1268 nec
563 1225 620 1267 nos
637 1226 725 1267 mare
743 1215 868 1288 separat
884 1204 998 1290 ingens

61 1311 122 1355 uec
140 1289 193 1353 via
210 1311 269 1353 neo
285 1299 408 1353 montes
425 1311 485 1354 nec
502 1288 616 1353 clausis
633 1289 758 1354 moenia
775 1289 887 1373 portis:

63 1375 181 1460 exigua
198 1373 404 1458 prohibemur
420 1395 513 1457 aqua.
558 1373 646 1459 cupit
662 1374 729 1460 ipse
748 1375 861 1439 teneri:
1099 1392 1150 1442 450

64 1484 139 1525 nam
158 1459 303 1542 quotiens
320 1459 447 1542 liquidis
465 1459 661 1544 porreximus
680 1459 788 1524 oscula
804 1459 951 1546 lymphis,

62 1546 115 1610 hic
133 1545 247 1609 totiens
265 1544 374 1610 adme
391 1545 539 1629 resupino
557 1545 666 1608 nititur
683 1567 746 1610 ore.

62 1652 156 1718 posse
174 1642 267 1714 putes
284 1629 385 1715 tangil
404 1629 568 1693 minimum
586 1642 643 1705 est,
662 1630 746 1713 quod
764 1629 942 1694 amantibus
960 1630 1072 1694 obstat.

63 1716 208 1800 quisquis
227 1738 271 1791 es,
289 1715 352 1779 huc
370 1713 435 1779 exii
463 1714 539 1797 quid
558 1738 618 1791 me,
637 1737 717 1800 puer
733 1715 840 1791 unice,
858 1715 952 1792 fallis,

64 1823 169 1885 quove
186 1801 303 1886 petitus
321 1799 408 1865 abis?
426 1812 509 1865 certe
526 1823 585 1865 nec
603 1800 705 1864 forma
721 1822 780 1865 nec
798 1812 884 1865 aetas
1100 1820 1149 1869 455

63 1898 113 1952 est
130 1909 216 1962 mea,
234 1907 331 1968 quam
348 1885 452 1970 fugias
458 1910 467 1961 3
486 1895 517 1950 et
535 1897 681 1950 amarunt
698 1909 748 1950 me
766 1908 892 1970 quoque
910 1885 1078 1972 nymphae.

65 1994 155 2058 spem
172 1971 250 2035 mihi
267 1969 373 2035 nescio
391 1993 487 2054 quam
504 1971 594 2035 vultu
634 1971 767 2034 remittis
785 1971 896 2047 amico,

64 2078 202 2140 cumque
220 2077 280 2141 ego
297 2056 423 2156 porrexi
440 2056 497 2120 tibi
515 1994 676 2132 bracchia,
694 2057 829 2142 porrigis
846 2057 942 2121 ultro:

65 2166 138 2207 cum
157 2140 226 2217 risi,
244 2141 382 2206 adndes:
400 2141 545 2205 lacrimas
563 2163 689 2225 quoque
707 2165 801 2227 saepe
819 2143 935 2218 notavi,

63 2251 116 2292 me
133 2227 332 2303 lacrimante,
349 2238 431 2290 tuas.
474 2237 555 2290 nutu
572 2248 698 2311 quoque
716 2227 807 2327 signa
823 2228 968 2292 remittis:
1101 2247 1152 2296 460

65 2324 112 2389 et,
130 2324 285 2395 quantum
302 2324 391 2376 motu
408 2311 538 2376 formosi
556 2313 697 2398 suspicor
715 2335 786 2387 ons,

64 2398 165 2462 verba
181 2397 295 2473 refers,
313 2420 405 2461 aures
421 2419 485 2461 non
502 2397 717 2483 pervenientia
734 2409 866 2461 nostras.

64 2485 125 2548 iste
144 2503 205 2568 ego
223 2481 307 2547 suml
327 2482 424 2557 sensi,
442 2505 501 2546 nec
519 2505 658 2547 memes
676 2483 756 2546 fallit
772 2481 892 2566 imago!

64 2591 141 2632 uror
158 2588 265 2633 amore
282 2567 359 2643 mei,
376 2568 519 2632 flammas
536 2589 710 2650 moveoque
728 2568 868 2650 feroque.

66 2654 144 2738 quid
162 2652 297 2717 faciam?
314 2674 417 2738 roger,
436 2675 517 2717 anne
535 2653 664 2738 rogem?
683 2653 758 2736 quid
776 2653 888 2716 deinde
906 2653 1045 2738 rogabo?
1101 2673 1151 2721 465

65 2739 153 2822 quod
171 2739 280 2823 cupio,
297 2760 421 2802 mecum
440 2750 500 2802 est:
519 2737 646 2823 inopem
663 2761 714 2802 me
732 2738 823 2823 copia
840 2738 924 2802 fecit.

66 2847 85 2888 o
103 2824 226 2889 utinam
244 2847 263 2887 a
279 2833 387 2887 nostro
404 2822 549 2888 secedere
567 2845 697 2908 corpore
713 2823 852 2908 possem!

65 2922 175 2974 votum
193 2909 226 2972 in
244 2923 369 2973 amante
386 2930 517 2972 novum:
536 2909 664 2985 vellem,
683 2909 768 2992 quod
786 2931 938 2985 amamus,
957 2908 1095 2974 abesset!

65 2996 194 3078 iamque
212 2994 301 3058 dolor
318 2995 400 3058 vires
419 2993 542 3071 adimit,
560 3016 619 3058 nec
636 3007 779 3078 tempora
796 2994 878 3058 vitae

65 3082 164 3165 longa
180 3101 271 3143 meae
289 3091 452 3164 superant,
469 3079 634 3164 primoque
652 3079 818 3164 extinguar
835 3079 866 3142 in
885 3101 973 3144 aevo.
1102 3101 1152 3150 470

66 3187 126 3230 nec
143 3164 222 3228 mihi
239 3185 323 3228 mors
340 3164 447 3249 gravis
465 3176 513 3229 est
530 3165 669 3249 posituro
687 3177 788 3229 morte
806 3165 944 3228 dolores:

67 3251 134 3326 hic,
152 3250 208 3333 qui
226 3249 376 3334 diligitur,
394 3250 506 3314 vellem
526 3250 701 3313 diuturnior
718 3260 810 3314 esset.

65 3357 153 3400 nunc
171 3335 234 3398 duo
252 3335 422 3399 concordes
440 3335 545 3397 anima
562 3334 731 3399 moriemur
747 3336 780 3398 in
798 3335 881 3398 una?

67 3421 148 3485 dixit
165 3432 197 3484 et
215 3420 254 3484 ad
272 3418 387 3484 faciem
404 3420 496 3484 rediit
513 3421 594 3483 male
613 3443 707 3484 sanus
726 3421 858 3485 eandem

67 3517 99 3571 et
115 3505 255 3570 lacrimis
272 3504 411 3569 turbavit
429 3526 542 3587 aquas,
561 3504 758 3588 obscuraque
775 3517 860 3568 moto
1102 3528 1152 3577 475

66 3591 191 3656 reddita
208 3590 309 3653 forma
326 3590 397 3654 lacu
416 3602 473 3653 est.
517 3611 613 3673 quam
631 3612 702 3653 cum
720 3590 847 3655 vidisset
866 3589 963 3665 abire,

68 3685 146 3759 ‘quo
163 3675 304 3760 refugis?
321 3697 463 3751 remane,
481 3696 540 3739 nec
558 3698 622 3751 me,
641 3675 790 3750 crudelis,
809 3686 967 3739 amantem

67 3760 192 3827 desere‘
211 3760 372 3825 clamavit:
391 3760 510 3836 ‘liceat,
528 3761 613 3842 quod
631 3773 761 3846 tangere
779 3782 842 3823 non
860 3772 917 3837 est,

68 3848 224 3932 aspicere,
242 3858 274 3911 et
291 3846 405 3910 misero
422 3846 574 3930 praebere
592 3847 740 3909 alimenta
757 3845 875 3908 furori?

68 3933 208 4015 dumque
226 3931 324 4008 dolet,
343 3953 468 3996 summa
484 3941 603 3994 vestem
621 3930 751 3995 deduxit
769 3930 810 3993 ab
828 3952 883 3994 ora
1104 3952 1154 4003 480

66 4018 216 4102 nudaque
233 4016 417 4082 marmoreis
435 4016 589 4103 percussit
605 4026 734 4101 pectora
751 4016 873 4102 palmis.

117 4116 269 4164 matun.
899 4117 917 4172 4
