2574 4478
156 245 217 313 188
486 253 520 310 P.
540 251 662 311 OVIDII
678 248 840 308 NASONIS

154 383 292 448 nascitur
309 405 327 446 e
342 379 475 445 Phoebo
493 377 644 462 (namque
662 386 710 441 est
726 375 819 440 enixa
835 369 1002 459 gemellos)

155 469 293 534 carmine
311 466 412 531 vocali
429 467 531 530 clarus
550 464 731 544 citharaque
748 460 959 525 Philammon.

155 555 232 638 quid
248 552 406 638 peperisse
424 551 503 614 duos
522 560 553 613 et
570 549 617 613 dis
635 547 790 633 placuisse
808 544 942 613 duobus·

156 652 189 705 et
205 639 279 703 forti
295 637 436 722 genitore
454 647 485 699 et
502 633 701 721 progenitore
718 633 864 696 Tonante

89 746 139 794 ato
157 749 225 790 esse
242 737 343 788 satam
359 721 505 807 prodest?
531 743 572 784 an
590 720 679 783 obest
696 738 823 800 quoqne
840 714 941 801 gloria
957 712 1082 778 multis?

156 809 258 875 obfuit
274 808 347 872 hnic
365 818 461 872 certe:
480 827 561 889 quae
579 828 613 870 se
630 805 789 889 praeferre
806 801 931 865 Dianae

157 894 304 962 sustinuit
320 892 496 974 faciemque
513 891 591 956 deae
609 889 757 974 culpavit.
801 898 832 952 at
849 887 895 950 illi

156 982 204 1046 ira
220 981 310 1046 ferox
326 988 490 1052 moreest,
508 975 712 1058 “factis''que
730 970 974 1058 “placebimus'’
993 968 1104 1053 inquit.

157 1087 216 1132 nec
233 1087 335 1129 mora:
354 1061 497 1128 curvavit
514 1083 610 1126 cornu
628 1081 788 1142 nervoque
806 1058 954 1142 sagittam

91 1173 140 1221 335
158 1151 295 1237 impulit,
314 1159 345 1214 et
361 1147 504 1212 meritam
522 1146 643 1211 traiecit
660 1143 835 1209 harundine
852 1143 1004 1226 linguam.

156 1238 266 1321 lingua
282 1245 379 1311 tacet,
396 1256 455 1298 nec
473 1254 534 1296 vox
551 1240 766 1316 temptataque
783 1228 881 1293 verba
897 1235 1087 1310 sequuntnr=

59 1376 65 1403 ,
159 1331 386 1402 conantemque
402 1317 490 1401 loqui
508 1339 580 1381 cum
597 1315 751 1400 sanguine
768 1315 832 1379 vita
849 1312 984 1395 reliquit.

57 1406 72 1484 ‘as
159 1425 222 1486 quo
240 1404 334 1468 miser
351 1404 514 1488 amplexus
531 1425 590 1500 ego
609 1414 676 1465 tum
694 1400 853 1485 patrisque
871 1399 1012 1464 dolorem

160 1487 254 1551 corde
275 1488 333 1551 tuli
361 1484 513 1568 fratrique
530 1506 583 1569 pro
601 1484 719 1549 solacia
736 1483 813 1548 dixi!

93 1591 143 1640 333
160 1593 242 1655 quae
258 1580 347 1656 pater
362 1568 450 1634 haud
467 1569 567 1645 aliter,
583 1590 680 1652 quam
698 1581 805 1634 cautes
822 1591 985 1633 murmura
1001 1568 1100 1654 ponti,

160 1655 274 1741 accipit
290 1665 322 1720 et
338 1666 445 1719 natam
464 1655 693 1719 delamentatur
711 1655 899 1739 ademptam.

159 1751 196 1805 ut
212 1762 287 1806 vero
304 1741 466 1805 ardentem
484 1740 575 1815 vidit,
594 1751 705 1823 quater
722 1740 857 1825 impetus
873 1738 919 1803 illi

160 1827 193 1890 in
211 1825 329 1890 medios
347 1825 469 1890 fuitne
486 1846 594 1910 rogos:
613 1838 724 1907 quater
740 1825 814 1890 inde
831 1825 977 1909 repulsus

161 1912 283 1977 concita
299 1910 440 1975 membra
456 1910 553 1996 fugae
569 1911 699 1974 mandat
715 1910 888 1993 similisque
904 1910 1051 1988 iuvenco,

93 2016 143 2066 335
162 1997 283 2082 spicula
300 1996 488 2060 crabronum
504 2018 613 2080 pressa
630 1996 751 2060 cervice
768 1995 901 2096 gerenti,

162 2104 226 2165 qua
241 2083 292 2146 via
309 2082 411 2158 nulla,
428 2081 500 2145 ruit.
542 2081 607 2145 iam
624 2092 692 2145 turn
710 2080 787 2144 mih1
804 2103 929 2145 currere
946 2080 1035 2144 visus

160 2167 232 2253 plus
250 2167 375 2232 homine
393 2177 454 2243 est,
472 2167 601 2250 alasque
618 2167 715 2251 pedes
734 2166 903 2251 sumpsisse
921 2177 1060 2251 putares.

162 2253 273 2352 effugit
290 2274 365 2337 ergo
383 2274 507 2328 omnes,
524 2252 680 2334 veloxque
698 2252 844 2337 cupidine
861 2251 916 2316 leti

161 2349 277 2402 vertme
294 2337 429 2401 Parnasi
446 2337 572 2422 potitur.
616 2337 783 2402 miseratus
800 2338 929 2422 Apoll0,

94 2444 145 2494 oto
162 2446 235 2487 cum
252 2445 286 2488 se
303 2422 482 2488 Daedalion
500 2445 576 2487 saxo
594 2423 729 2487 misisset
746 2422 787 2487 ab
805 2423 878 2499 alto,

161 2508 235 2574 fecit
254 2530 345 2572 avem
363 2519 395 2573 et
411 2507 523 2573 subitis
540 2507 729 2593 pendentem
747 2508 873 2572 sustulit
890 2507 958 2583 alis,

161 2614 279 2677 oraque
297 2593 421 2657 adunca
438 2593 538 2669 dedit,
557 2615 669 2657 curvos
688 2593 773 2658 dedit
790 2592 951 2678 unguibus
968 2591 1089 2670 hamos,

162 2680 310 2744 virtutem
328 2680 505 2762 antiquam,
523 2679 657 2742 maiores
675 2700 805 2764 corpore
823 2679 915 2743 vires.

163 2777 195 2830 et
211 2787 296 2829 nunc
314 2764 474 2849 accipiter,
491 2764 570 2828 nulli
587 2765 662 2828 satis
681 2785 815 2847 aequus,
833 2764 865 2827 in
884 2785 993 2827 omnes

95 2870 145 2919 345
162 2850 261 2915 saevit
278 2873 368 2926 aves,
386 2850 517 2932 aliisque
536 2850 645 2914 dolens
662 2849 698 2912 fit
715 2848 976 2925 causa,dolendi.’

205 2934 297 3016 Quae
316 2936 392 2999 dum
409 2934 560 2999 Lucifero
601 2935 703 2999 enitus
720 2934 873 2999 miracula
888 2942 995 2998 narrat
1053 2932 1179 2986 Pelw‘d

162 3021 202 3086 de
220 3032 362 3085 consorte
380 3041 447 3095 suo,
465 3041 560 3084 eursu
577 2957 709 3084 13331333
726 3018 839 3084 anhelo
1073 3000 1158 3069 lupia.

163 3107 289 3171 advolat
306 3105 438 3170 armenti
456 3115 560 3170 custos
577 3104 723 3169 Phoceus
741 3106 864 3170 Anetor

163 3202 195 3257 et
212 3191 340 3266 ‘Peleu‚
357 3189 472 3255 Peleu!
492 3213 626 3276 magnae
643 3190 700 3254 tibi
717 3191 846 3254 nuntius
864 3189 976 3253 adsum

96 3295 145 3345 353
163 3275 273 3341 cladis’
292 3275 346 3340 ait.
389 3275 610 3359 quodcumque
627 3274 722 3352 ferat,
738 3275 828 3340 iubet
845 3276 937 3340 edere
953 3273 1081 3339 Peleus.

162 3363 279 3448 pendet
297 3373 328 3426 et
344 3361 412 3446 ipse
429 3371 516 3424 metu
534 3360 647 3445 trepidi
663 3361 851 3425 Trachinius
869 3360 941 3424 oris.

162 3449 215 3514 ille
232 3446 342 3511 refert:
361 3447 475 3510 ‘fessos
494 3445 535 3509 ad
551 3446 642 3510 litora
660 3468 757 3510 curva
773 3446 921 3511 iuvencos

163 3533 361 3619 appuleram,
378 3531 483 3596 medio
501 3553 574 3595 cnm
593 3529 649 3597 Sol
667 3530 836 3595 altissimus
854 3530 930 3596 orbe

162 3629 284 3683 tantum
302 3617 485 3702 respiceret,
504 3627 658 3700 quantum
675 3638 711 3680 su
735 3639 838 3682 eresse
856 3615 985 3681 videret.

96 3724 145 3773 355
162 3724 299 3789 parsque
316 3701 413 3766 boum
430 3701 526 3766 fulvis
543 3724 648 3786 genua
663 3639 828 3766 inclinarat
844 3699 969 3766 harenis

163 3792 360 3869 latarumque
377 3789 483 3852 iacens
501 3809 629 3871 campos
647 3787 808 3871 spectabat
826 3807 990 3869 aquarum,

163 3895 237 3959 pars
254 3873 406 3959 gradibus
424 3872 522 3937 tardis
538 3872 613 3935 illuc
631 3871 755 3936 errabat
772 3884 804 3937 et
820 3872 905 3947 illuc,

163 3968 241 4024 nant
259 3958 312 4022 alii
330 3959 476 4041 celsoque
494 3966 602 4027 extant
619 3978 714 4041 super
731 3979 869 4042 aequora
886 3957 976 4022 collo.

163 4044 282 4135 templa
299 4044 378 4112 mari
396 4043 529 4111 subsunt
546 4063 606 4112 neo
622 4064 778 4113 marmore
796 4045 881 4113 clara
897 4064 1000 4131 neque
1018 4064 1106 4124 auro,
