2574 4478
257 230 298 295 72
588 242 620 298 P.
641 242 764 300 OVIDII
782 240 944 301 NASONIS

255 368 368 432 umbra
385 366 443 431 viri
461 367 529 432 visa
547 378 609 445 est,
628 368 729 432 visam
747 369 815 434 fera
833 369 933 433 saevit
949 368 982 432 in
1000 368 1160 435 umbram.

255 465 352 536 utque
371 453 456 517 Iovis
474 477 620 539 praepeS,
640 476 740 518 vacuo
759 477 831 518 cum
849 454 929 518 vidit
946 453 979 517 in
997 477 1073 517 arvo

255 540 458 624 praebentem
476 539 609 604 Phoebo
626 539 755 604 liventia
773 551 862 625 terga
880 540 1059 616 draconem,

189 644 237 696 715
257 636 391 710 occupat
408 647 568 700 aversum,
587 648 650 688 neu
668 649 762 689 saeva
779 638 960 709 retorqueat
976 647 1042 702 ora,

257 711 471 811 squamigeris
481 711 590 775 avidos
607 710 678 796 figit
696 711 870 775 cervicibus
888 733 1026 796 ungues:

257 797 301 860 sic
319 797 412 861 celeri
429 796 543 861 missus
560 819 712 881 praeceps
730 819 787 881 per
804 796 897 861 inane
915 798 1023 861 volatu

256 894 345 967 terga
362 883 448 947 ferae
465 882 580 967 pressit
597 882 672 946 dext
660 894 771 965 troque
789 881 933 946 frement
912 895 951 946 trs
969 883 1002 945 in
1020 904 1107 946 armo

256 967 423 1032 Inachides
441 966 560 1032 ferrum
579 990 675 1032 curvo
694 981 785 1032 tenus
803 967 925 1032 abdidit
942 968 1046 1031 humo.

190 1072 239 1122 720
258 1054 386 1118 vulnere
404 1054 489 1117 laesa
505 1076 596 1138 gravr
586 1053 708 1117 ⁶modo
726 1076 760 1117 se
777 1053 947 1117 sublimis⁶
938 1078 971 1117 ιιι
989 1076 1083 1117 auras

257 1139 382 1216 attollit,
400 1139 494 1238 mpdo
512 1138 620 1202 subdit
607 1139 739 1222 taquis‚
758 1140 853 1202 modo
871 1161 958 1203 more
976 1138 1090 1203 ferocis

256 1236 360 1290 versat
378 1223 461 1309 apri,
479 1235 603 1307 quemt
591 1225 685 1288 turba
702 1246 817 1288 canum
834 1226 1032 1289 circumsona
1050 1235 1156 1290 terret.

256 1311 309 1376 ille
327 1310 435 1374 avidos
454 1332 577 1374 morsus
594 1307 756 1374 velocibus
776 1310 889 1410 effugit
906 1311 978 1386 alis3

257 1417 382 1480 quaque
403 1407 506 1480 patet,
531 1419 617 1460 nunc
641 1406 730 1480 terga
749 1395 833 1460 cavis
852 1419 960 1496 supmer
964 1395 1046 1459 obsit
1034 1407 1066 1459 ta
1083 1395 1224 1473 conchis,

191 1502 239 1550 725
257 1503 342 1546 nunc
359 1483 403 1544 lat
391 1495 492 1546 terum
512 1492 628 1556 costas,
647 1503 733 1545 nunc
750 1502 814 1564 qua
830 1481 1016 1546 tenuissima
1033 1481 1136 1561 cauda

257 1566 397 1632 desinit⁶
359 1577 420 1630 tm
436 1566 572 1666 piscem,
591 1565 705 1630 falcato
724 1568 868 1631 vulnerat
886 1590 970 1631 ense.

257 1652 352 1717 belua
369 1653 503 1737 puniceo
520 1652 636 1715 mixtos
654 1674 726 1716 cum
745 1653 899 1752 sanguiue
917 1654 993 1717 fluct
981 1664 1031 1718 tus

257 1760 311 1802 ore
329 1738 440 1802 vomit:
416 1736 608 1801 tmaduere
625 1760 739 1822 graves
755 1738 921 1823 aspergine
939 1761 1072 1824 pennae

257 1845 316 1887 nec
332 1823 448 1886 bibulis
466 1823 512 1885 ult
500 1835 549 1886 tra
565 1822 702 1888 Perseus
719 1823 870 1888 talaribus
888 1847 984 1888 ausus

191 1927 240 1977 730
259 1909 384 1974 credere
403 1908 565 1992 conspexit
583 1908 762 1993 scopulum,
781 1909 835 1991 qui
854 1910 970 1974 vertice
987 1931 1112 1975 summo

258 1994 484 2058 stantibust
431 2016 471 2058 ex
472 2005 517 2057 tat
534 1994 638 2076 aquis,
657 1995 757 2079 operit
757 2017 796 2058 ur
745 1995 854 2059 tab
871 2017 1007 2079 aequore
1024 2007 1121 2062 motu.
1196 2039 1199 2043 -

257 2080 350 2144 nixus
369 2101 406 2144 eo
423 2078 574 2180 rupisque
591 2091 702 2144 tenens
719 2080 796 2165 iuga
813 2080 914 2165 prima
932 2081 1058 2146 sinistra

258 2177 306 2230 ter
323 2177 435 2248 quater
452 2165 558 2250 exegit
574 2188 648 2250 repe
650 2166 706 2230 tita
723 2188 780 2250 per
796 2165 851 2230 ilia
868 2166 997 2232 ferrum.

257 2253 292 2316 lit
281 2263 348 2316 tora
366 2274 437 2316 cnm
455 2251 568 2336 plausu
587 2251 705 2315 clamor
721 2275 915 2337 superasque
933 2253 1065 2318 deorum

191 2358 239 2408 735
257 2336 427 2422 implevere
446 2337 565 2402 domos.
609 2337 750 2422 gaudent
766 2360 981 2423 generumque
1000 2339 1139 2404 salutant

257 2423 472 2506 auxiliumque
490 2423 603 2487 domus
621 2433 876 2507 servatoremque
893 2424 992 2488 fatt
927 2435 992 2489 tten
994 2448 1032 2488 ur

259 2507 420 2610 Cassiope
431 2505 642 2608 Cepheusque
660 2520 713 2594 pat
716 2531 759 2573 er.
802 2511 940 2573 resoluta
958 2509 1076 2574 catenis

257 2594 420 2658 incedit
391 2617 496 2679 vrrgo,
514 2595 712 2694 pretiumque
731 2604 762 2659 et
780 2616 876 2659 causa
892 2595 1019 2660 laboris

257 2681 325 2765 ipse
342 2703 454 2745 manus
473 2679 566 2743 haust
554 2691 585 2743 ta
602 2679 746 2744 victrices
764 2680 863 2744 abluit
852 2682 981 2759 tunda3

192 2786 241 2836 740
258 2765 520 2850 anguiferumque
542 2776 638 2849 caput
655 2765 734 2828 dura
751 2788 791 2829 ne
807 2767 911 2830 laedat
929 2766 1074 2868 harena,

258 2852 358 2915 mollit
374 2851 506 2914 humum
524 2850 622 2925 foliis,
641 2862 794 2932 natasque
812 2852 871 2915 suh
890 2874 1026 2935 aequore
1045 2853 1153 2939 virgas

259 2937 403 3002 sternite
386 2936 566 3021 etirnponit
582 2936 801 3036 Phorcynidos
820 2959 874 3001 ora
891 2938 1057 3003 Medusae

258 3023 349 3123 virga
365 3045 474 3087 recens
493 3022 663 3122 bibulaque
681 3023 860 3086 etiamnunc
871 3023 944 3086 viva
962 3024 1101 3088 medulla

259 3109 322 3172 vim
341 3108 445 3208 rapuit
433 3108 592 3172 tmonstri
611 3120 760 3208 tactuque
778 3108 918 3172 induruit
906 3108 1039 3208 thuius,

192 3214 240 3263 745
259 3194 384 3343 percepi
387 3207 462 3277 tque
480 3215 597 3257 novum
615 3194 709 3257 ramis
728 3205 759 3258 et
747 3192 930 3258 tfronde·
906 3217 1052 3279 ngorem.

259 3279 427 3379 aptelugi
432 3277 590 3379 nymphae
608 3278 671 3342 fact
660 3290 727 3342 tum
745 3279 888 3344 mirabile
906 3290 1061 3365 temptant

257 3364 427 3450 pluribus⁶
418 3388 451 3428 ιιι
468 3364 565 3448 virgis
583 3376 615 3427 et
632 3365 716 3428 idem
735 3365 917 3449 contingere
935 3367 1076 3451 gaudent

259 3451 441 3532 seminaque
460 3473 500 3513 ex
516 3418 605 3512 illis⁶
597 3461 710 3514 iterant
726 3450 841 3515 iactata
858 3474 915 3536 per
931 3453 1043 3515 undas.

258 3558 343 3600 nunc
361 3557 487 3619 quoque
506 3534 631 3599 curaliis
649 3536 759 3600 eadem
776 3548 889 3599 natura
904 3537 1064 3613 remansit,

192 3642 241 3691 tuo
259 3621 352 3685 durit⁶
331 3634 405 3721 tram
424 3631 488 3685 taet
489 3642 508 3684 ο
526 3620 652 3704 capiant
668 3632 704 3684 ut
722 3621 762 3684 ab
781 3627 866 3698 ae're,
885 3623 1033 3705 quodque

259 3706 364 3771 vimen
381 3706 414 3769 in
432 3728 567 3789 aequore
586 3716 667 3783 erat,
641 3706 739 3770 ttfia
727 3717 851 3791 tsuper
868 3729 1006 3790 aequora
1023 3731 1147 3773 saxum.

299 3790 376 3856 Dis
379 3791 479 3855 tribus
496 3791 549 3856 ille
566 3790 683 3855 focost
685 3792 802 3856 otidem
820 3793 859 3857 de
877 3792 1014 3892 caespite
1032 3793 1131 3878 ponit,

257 3876 384 3942 laevum
400 3876 576 3955 Mercurio,
595 3876 670 3941 dext
658 3887 740 3940 trum
758 3877 831 3954 tibi,
849 3877 1085 3966 bellica⁶v1rg03

258 3985 314 4027 ara
329 3961 415 4026 Iovis
433 3962 537 4027 media
554 3974 611 4028 est.
654 3974 810 4027 mactatur
826 3985 923 4027 vacca
940 3935 1117 4043 Minervae,

104 4106 123 4117 .,
191 4068 241 4125 ιιι
257 4047 373 4137 alipedi
390 4046 522 4128 vitulus,
540 4060 648 4114 taurus
667 4049 738 4128 tibi,
757 4072 879 4114 summe
898 4049 1039 4116 deorum
