2574 4478
219 113 586 172 mnrauomflosnou
602 114 676 173 ma.
694 114 772 170 vm.
793 113 937 170 rao—ava.
1030 97 1090 165 131

62 238 272 326 excipiuntur
289 260 385 322 aqua:
404 259 486 320 quae
503 260 619 303 nomen
636 238 731 302 traxit
749 238 789 302 ab
806 237 870 302 illo.
1110 255 1160 305 230

64 340 98 393 at
117 337 211 413 pater
228 324 352 399 infelix,
370 345 429 388 nec
445 324 510 388 iam
527 335 625 409 pater,
644 323 769 400 ‘Icare,’
788 323 877 400 dixit,

64 410 197 488 ‘Icare‚'
215 410 295 474 dixit
313 409 381 472 ‘ubi
399 409 451 473 es?
469 431 532 492 qua
550 420 581 475 te
599 409 727 494 regione
746 407 937 492 requiraml'

65 497 189 562 ‘Icare'
209 494 348 560 dicebat:
367 517 487 579 pennas
505 495 628 579 aspexit
644 496 678 558 in
694 493 803 569 undis3

65 580 262 665 devovitque
279 602 353 645 suas
371 591 470 657 artes,
488 600 665 681 corpusque
684 579 828 664 sepulcro

66 667 221 735 condidit.
265 676 297 730 et
318 665 410 731 tellus
429 688 448 729 a
465 687 591 730 nomme
610 666 694 730 dicta
713 664 836 749 sepulti.
1109 683 1158 734 235

111 755 212 817 Hunc
229 750 335 816 miseri
352 750 473 815 tumulo
490 761 661 851 ponentem
678 772 809 835 corpora
825 749 892 814 nati
1053 766 1157 820 Perdix.

67 839 199 927 garrula
215 857 340 901 ramosa
356 847 518 920 prospexit
535 836 576 900 ab
593 835 663 901 ilice
680 836 801 920 perdix,

68 936 101 992 et
118 922 237 1010 plausit
253 921 365 1008 pennis
383 931 559 1005 testataque
576 921 695 1006 gaudia
713 932 807 985 cantu
826 930 886 985 est:

67 1011 165 1076 unica
182 1020 258 1072 tunc
275 1005 412 1072 volucris
428 1028 487 1072 nec
504 1007 573 1071 visa
589 1007 745 1092 prioribus
763 1007 863 1083 annis,

68 1097 218 1178 factaque
235 1114 336 1177 nuper
353 1091 434 1156 avis:
452 1092 585 1179 longum
602 1092 673 1169 tibi,
692 1090 849 1167 Daedale,
868 1091 997 1156 crimen.
1109 1112 1159 1162 240

68 1201 208 1264 namque
225 1179 299 1243 huic
315 1177 500 1254 tradiderat,
518 1178 655 1243 fatorum
672 1179 798 1262 ignara,
816 1177 992 1242 docendam

90 1266 254 1352 rogeniem
271 1286 424 1349 germana
441 1287 546 1340 suam,
564 1263 721 1327 natalibus
740 1262 817 1327 actis

68 1289 118 1417 bis
134 1373 271 1437 puerum
288 1349 386 1425 senis,
405 1349 501 1413 animi
519 1349 559 1413 ad
576 1359 745 1433 praecepta
762 1347 898 1432 capacis.

68 1438 121 1503 ille
140 1436 236 1501 etiam
252 1435 356 1499 medio
374 1435 480 1519 spinas
497 1435 531 1498 in
547 1434 633 1519 pisce
653 1445 777 1498 notatas

69 1522 166 1588 traxit
182 1521 216 1584 in
233 1521 428 1604 exemplum,
446 1519 594 1602 ferroque
611 1519 721 1584 incidit
738 1530 831 1583 acuto

68 1617 240 1693 perpetuos
257 1605 382 1681 dentes,
402 1617 433 1671 et
450 1627 555 1670 serrae
571 1605 709 1690 repperit
726 1628 830 1669 usum.

67 1693 189 1780 primus
207 1702 239 1756 et
256 1713 295 1756 ex
312 1713 377 1755 uno
394 1690 457 1755 duo
474 1690 578 1755 ferrea
595 1690 742 1755 bracchia
759 1690 844 1755 nodo

68 1777 184 1853 vinxit,
204 1787 239 1841 ut
257 1776 381 1859 aequali
399 1777 499 1861 spatio
517 1776 706 1840 distantibus
723 1776 784 1840 illis

68 1865 168 1930 altera
208 1885 258 1927 ars
276 1871 386 1939 staret,
404 1884 478 1946 pars
496 1862 594 1927 altera
613 1861 740 1926 duceret
758 1861 877 1927 orbem.

67 1885 233 2015 Daedaliae
250 1947 363 2011 invidit
380 1968 532 2030 sacraque
550 1970 589 2012 ex
607 1969 684 2011 arce
696 1947 862 2011 Minervae
899 2029 901 2041 .
1108 1967 1158 2020 250

67 2034 273 2121 praecipitem
289 2033 388 2109 misit,
405 2034 531 2117 lapsum
548 2032 706 2097 mentitus.
750 2041 783 2095 at
799 2031 899 2108 illum,

68 2143 151 2204 quae
167 2119 255 2183 favet
271 2117 419 2204 ingeniis,
437 2117 561 2202 excepit
577 2117 699 2196 Pallas,
718 2139 872 2200 avemque

67 2204 206 2271 reddidit
222 2214 254 2269 et
270 2204 375 2268 medio
393 2203 509 2268 velavit
525 2204 557 2266 in
576 2209 647 2267 ae're
665 2202 787 2288 pennis.

69 2291 125 2354 sed
143 2290 235 2375 vigor
250 2288 370 2374 ingenii
389 2288 547 2371 quondam
566 2288 681 2353 velocis
699 2288 734 2351 in
751 2288 817 2352 alas

68 2374 165 2459 inque
182 2374 280 2459 pedes
298 2374 388 2450 abiit3
407 2395 521 2438 nomen
539 2374 625 2456 quod
643 2384 674 2437 et
692 2383 778 2447 ante,
796 2372 956 2438 remansit.
1107 2394 1155 2445 255

67 2482 133 2525 non
151 2472 257 2524 tamen
273 2459 353 2525 haec
370 2460 433 2524 alte
451 2459 587 2523 volucris
605 2481 663 2522 sua
680 2478 811 2543 corpora
829 2458 918 2535 tollit,

67 2568 128 2611 nec
146 2545 222 2609 facit
239 2545 272 2608 in
290 2545 385 2609 ramis
404 2545 530 2628 altoque
548 2543 712 2609 cacumine
728 2544 833 2608 nidos:

67 2641 197 2717 propter
212 2629 346 2694 humum
362 2630 473 2695 volitat
489 2630 641 2715 ponitque
658 2630 691 2694 in
709 2628 855 2714 saepibus
873 2650 943 2707 ova,

68 2715 253 2800 antiquique
270 2737 392 2780 memor
408 2715 520 2780 metuit
537 2715 684 2780 sublimia
701 2737 803 2779 casus.
1105 2737 1155 2786 259

110 2802 244 2884 Iamque
261 2800 430 2885 fatigatum
447 2801 539 2865 tellus
557 2801 703 2866 Aetnaea
719 2801 847 2865 tenebat
936 2800 1154 2882 Meteayerqcper

67 2886 247 2963 Daedalon,
266 2897 297 2950 et
311 2885 444 2970 sumptis
457 2907 515 2970 pro
530 2887 671 2970 supplice
689 2883 825 2951 Cocalus
840 2886 934 2952 armis
966 2869 1128 2938 Calydonos.

67 2972 153 3037 mitis
172 2970 362 3036 habebatur:
380 2971 444 3035 iam
460 2971 661 3036 lamentabile
679 2971 826 3037 Athenae

67 3057 207 3144 pendere
224 3055 382 3121 desierant
399 3055 524 3121 Thesea
540 3056 635 3121 laude
652 3056 820 3121 tributumr

67 3143 188 3227 templa
205 3153 408 3217 coronantur,
427 3141 682 3226 bellatricemque
700 3142 880 3207 Minervam

67 3250 141 3293 cum
159 3227 236 3291 Iove
254 3227 365 3310 disque
383 3238 498 3292 vocant
514 3227 597 3304 aliis,
616 3249 694 3311 quos
712 3229 864 3313 sanguine
882 3238 955 3293 voto
1105 3249 1153 3299 265

66 3312 316 3396 muneribusque
334 3312 415 3376 datis
432 3323 463 3377 et
480 3313 594 3378 acerris
612 3315 689 3377 turis
707 3314 870 3378 honorant.

66 3423 80 3464 s
105 3407 226 3464 arserat
242 3398 411 3484 Argolicas
429 3420 545 3464 nomen
561 3421 644 3484 vaga
661 3400 747 3463 fama
763 3422 820 3484 per
836 3399 931 3464 urbes

96 3485 225 3563 heseos,
260 3495 291 3548 et
311 3484 435 3569 populi,
453 3506 531 3567 quos
549 3484 638 3548 dives
656 3485 780 3549 Achaia
797 3485 890 3570 cepit,

65 3569 161 3634 huius
179 3591 272 3654 opem
288 3569 413 3654 magnis
430 3569 637 3654 imploravere
654 3570 788 3655 periclis.

64 3655 161 3720 huius
178 3676 273 3739 opem
291 3651 451 3740 Calydon,
470 3656 614 3738 quamvis
632 3656 819 3742 Meleagron
836 3656 976 3733 haberet,
1104 3677 1153 3727 270

64 3740 200 3806 sollicita
217 3761 277 3824 sup
300 3741 351 3805 lex
369 3741 458 3826 petiit
475 3762 577 3890 prece.
621 3763 717 3806 causa
733 3742 862 3890 pqtendi

63 3848 118 3890 sus
137 3834 220 3902 erat,
238 3825 249 3888 i
286 3837 372 3892 estae
389 3827 477 3891 famu
491 3850 527 3891 us
545 3827 724 3911 vindexque
775 3827 876 3892 ianae.

63 3909 178 3979 Oenea
196 3933 334 3996 namque
351 3911 457 3978 ferunt
481 3911 566 3999 pleni
592 3912 789 3979 successibus
807 3913 882 3979 anni

880 4013 914 4073 9?
