2574 4478
171 217 233 283 180
501 229 535 282 Ρ.
554 227 678 284 OVIDII
694 224 857 282 NASONIS

170 354 234 419 effu
258 377 290 430 e,
308 376 348 418 ne
366 353 464 417 virtus
482 361 537 415 tua
554 352 594 415 sit
612 350 764 414 damnosa
781 348 935 413 duobus.’'

210 377 271 503 flia
288 439 415 521 quidem
432 437 554 501 monuit
569 436 747 518 iunctisque
763 457 821 520 per
837 441 911 499 ae'ra
928 434 1035 518 cycnis
1076 431 1181 485 Adana.

170 525 269 609 carpit
285 523 353 588 iter.
398 523 454 588 sed
471 531 534 586 stat
550 522 676 586 monitis
694 519 849 585 contraria
866 521 978 584 virtus.

103 631 152 678 710
169 610 251 674 forte
268 632 356 674 suem
373 608 501 673 latebris
519 607 653 692 vestigia
670 616 755 670 certa
773 606 870 670 secut'

170 695 312 759 excivere
330 717 438 770 canes,
457 692 605 775 silvisque
624 692 708 756 exire
726 702 890 776 parantem

168 781 280 844 fixerat
297 779 424 862 obliquo
441 778 563 842 iuvenis
582 775 749 860 Cinyreius
766 778 841 840 ictu.

170 865 313 950 protinus
331 864 468 929 excussit
484 862 589 947 pando
607 862 764 927 venabula
780 871 880 924 rostro

171 950 324 1036 sanguine
341 950 438 1013 tincta
455 971 523 1024 suo,
541 948 761 1032 trepidumque
779 958 810 1011 et
826 956 894 1010 tuta
910 955 1071 1030 petentem

103 1054 150 1102 715
169 1046 242 1100 trux
259 1058 334 1120 aper
351 1034 535 1116 insequitur,
553 1043 697 1116 totosque
715 1032 824 1096 subin
870 1031 921 1095 ine
940 1031 1049 1096 dentes

169 1120 290 1185 abdidit
308 1130 339 1184 et
356 1120 444 1183 fulva
460 1118 685 1181 moribundum
703 1117 813 1180 stravit
852 1139 957 1182 arena.

169 1216 260 1270 vecta
276 1205 338 1270 levi
356 1226 450 1269 curru
466 1203 586 1267 medias
605 1200 765 1287 Cytherea
782 1225 839 1287 per
855 1225 948 1266 auras

170 1286 298 1375 Cypron
317 1292 442 1356 olorinis
460 1293 602 1356 nondum
618 1301 804 1374 pervenerat
821 1291 892 1354 alis:

170 1372 299 1457 agnovit
314 1372 409 1456 longe
426 1373 579 1456 gemitum
596 1372 772 1447 morientis,
790 1381 822 1435 et
839 1369 926 1436 albas

103 1475 152 1522 720
169 1456 258 1520 flexit
275 1479 349 1521 aves
366 1457 450 1520 illuc.
493 1467 591 1539 utque
610 1455 735 1520 aethere
752 1456 831 1521 vidit
847 1456 888 1519 ab
906 1457 970 1520 alto

170 1541 347 1606 exanimem
364 1542 459 1624 inque
477 1562 534 1604 suo
551 1542 719 1605 iactantem
737 1541 890 1626 sanguine
908 1563 1032 1627 corpus,

53 1625 54 1628 ’
170 1626 296 1690 desiluit
313 1627 491 1711 pariterque
510 1626 613 1689 sinum
631 1627 810 1711 pariterque
828 1626 958 1711 capillos

168 1712 267 1796 rupit,
286 1724 318 1775 et
334 1710 471 1796 indignis
488 1711 642 1795 percussit
660 1723 788 1796 pectora
804 1712 927 1796 palmis.

169 1810 342 1880 questaque
360 1818 431 1860 cum
449 1796 523 1860 fatis
541 1803 599 1860 “at
615 1818 679 1861 non
697 1807 802 1861 tamen
819 1797 925 1862 omnia
942 1797 1039 1862 vestri

102 1900 151 1950 725
168 1881 245 1946 iuris
263 1881 377 1945 erunt’'
395 1881 487 1945 dixit:
506 1882 634 1946 “luctus
651 1883 844 1946 monimenta
861 1882 1034 1947 manebunt

169 1989 301 2052 semper,
319 1966 442 2042 Adoni,
459 1967 536 2043 mei3
554 1967 750 2053 repetitaque
766 1967 875 2031 mortis
893 1968 1001 2053 imago

169 2075 274 2116 annua
290 2052 450 2137 plangoris
467 2066 597 2137 peraget
615 2053 813 2117 simulamina
829 2053 938 2118 nostri.

169 2150 201 2201 at
218 2159 310 2201 cruor
325 2138 359 2202 in
376 2137 485 2202 florem
501 2138 684 2202 mutabitur.
728 2162 768 2202 an
786 2139 843 2203 tibi
860 2139 1021 2221 quondam

168 2223 320 2287 femineos
338 2234 424 2287 artus
441 2223 475 2286 in
492 2225 611 2288 olentes
629 2235 750 2289 vertere
767 2224 922 2302 menthae,

102 2327 151 2376 730
168 2308 386 2392 Persephone,
403 2308 504 2372 licuit:
524 2309 613 2373 nobis
633 2306 800 2393 Cinyreius
817 2309 910 2374 heros

167 2393 305 2458 invidiae
321 2404 460 2458 mutatus
479 2394 579 2458 erit?”
608 2395 653 2459 sic
670 2394 738 2459 fata
755 2417 898 2459 cruorem

168 2489 294 2544 nectare
312 2480 442 2543 odorato
460 2479 587 2563 sparsit,
606 2479 660 2562 qui
678 2490 780 2544 tactus
798 2480 909 2545 abillo

167 2563 318 2628 intumuit
335 2565 394 2641 sic,
412 2575 446 2628 ut
464 2565 571 2649 pluvio
589 2566 750 2649 perlucida
768 2567 854 2630 caelo

169 2671 298 2734 surgere
315 2649 402 2713 bulla
419 2649 506 2714 solet.
551 2672 609 2714 nec
626 2651 720 2734 plena
736 2651 860 2735 longior
876 2651 954 2715 hora

102 2752 151 2800 735
168 2734 253 2798 facta
269 2755 357 2798 mora
373 2745 434 2810 est,
452 2757 525 2799 cum
542 2735 599 2798 fios
617 2736 657 2799 de
676 2736 829 2820 sanguine
848 2739 995 2801 concolor
1011 2748 1104 2812 ortus,

168 2819 308 2900 qualem,
326 2841 407 2902 quae
424 2821 509 2884 lento
527 2821 630 2884 celant
647 2820 706 2884 sub
725 2822 839 2886 cortice
856 2845 1003 2907 granum,

168 2908 284 2989 punica
307 2904 389 2970 ferre
407 2907 517 2969 solent.
561 2905 665 2971 brevis
683 2917 852 2970 esttamen
869 2930 946 2972 usus
963 2908 997 2971 in
1013 2908 1079 2972 illo:

167 3010 304 3072 namque
322 2990 403 3054 male
420 2990 601 3055 haerentem
619 3001 649 3054 et
666 2991 764 3055 nimia
779 2992 906 3057 levitate
924 2993 1078 3059 caducum

168 3076 331 3140 excutiunt
345 3076 444 3152 idem,
463 3076 518 3161 qui
534 3086 695 3161 praestant
712 3076 849 3154 nomina,
867 3077 974 3144 venti?

493 3344 609 3400 LIBER
625 3345 858 3403 UNDECIMUS.

168 3498 317 3566 Carmine
334 3502 409 3566 dum
428 3502 483 3566 tali
501 3500 595 3566 silvas
613 3502 796 3585 animosque
813 3502 953 3568 ferarum
1060 3518 1168 3588 equa

166 3587 331 3652 Threicius
348 3599 436 3652 vates
455 3598 486 3652 et
503 3610 581 3651 saxa
598 3588 761 3670 sequentia
778 3588 874 3665 ducit,

167 3694 241 3737 ecce
258 3695 355 3737 nurus
374 3670 545 3750 Ciconum,
563 3684 664 3737 tectae
680 3673 844 3757 lymphata
861 3673 969 3738 ferinis

167 3768 295 3841 pectora
313 3759 496 3835 velleribus,
514 3758 627 3823 tumuli
644 3758 683 3823 de
701 3760 818 3824 vertice
835 3770 968 3824 cernunt

134 3864 149 3911 5
169 3840 299 3926 Orphea
316 3846 472 3929 percussis
491 3844 662 3908 sociantem
680 3845 820 3908 carmina
836 3845 950 3909 nervis.

168 3950 186 3991 e
204 3927 318 4011 quibus
336 3952 414 4006 una,
431 3930 517 3995 leves
534 3929 649 3992 iactato
667 3930 752 3994 crine
771 3952 827 4015 per
844 3953 936 3995 auras

168 4012 243 4091 ‘en‚'
262 4013 306 4078 ait
323 4020 377 4080 ‘en
394 4015 445 4082 hic
463 4026 511 4082 est
527 4013 626 4083 nostri
644 4014 865 4104 contemptorl‘
884 4027 917 4085 ct
933 4015 1057 4084 hastam
