<?xml version="1.0" encoding="UTF-8"?>
<!DOCTYPE html PUBLIC "-//W3C//DTD XHTML 1.0 Transitional//EN"
    "http://www.w3.org/TR/xhtml1/DTD/xhtml1-transitional.dtd">
<html xmlns="http://www.w3.org/1999/xhtml" xml:lang="en" lang="en">
 <head>
  <title>
</title>
<meta http-equiv="Content-Type" content="text/html;charset=utf-8" />
  <meta name='ocr-system' content='tesseract 3.04.00' />
  <meta name='ocr-capabilities' content='ocr_page ocr_carea ocr_par ocr_line ocrx_word'/>
</head>
<body>
  <div class='ocr_page' id='page_1' title='image "./carmina03ovidgoog_0297.png"; bbox 0 0 2574 4478; ppageno 0'>
   <div class='ocr_carea' id='block_1_1' title="bbox 178 278 852 348">
    <p class='ocr_par' dir='ltr' id='par_1_1' title="bbox 178 278 852 348">
     <span class='ocr_line' id='line_1_1' title="bbox 178 278 852 348; baseline 0.006 -6"><span class='ocrx_word' id='word_1_1' title='bbox 178 278 242 343; x_wconf 77' lang='grc'><strong>242</strong></span> <span class='ocrx_word' id='word_1_2' title='bbox 497 291 529 345; x_wconf 91' lang='grc' dir='ltr'><strong>Ρ.</strong></span> <span class='ocrx_word' id='word_1_3' title='bbox 548 291 673 348; x_wconf 87' lang='lat' dir='ltr'>OVIDII</span> <span class='ocrx_word' id='word_1_4' title='bbox 690 289 852 347; x_wconf 84' lang='lat' dir='ltr'>NASONIS</span> 
     </span>
    </p>
   </div>
   <div class='ocr_carea' id='block_1_2' title="bbox 26 414 1183 4208">
    <p class='ocr_par' dir='ltr' id='par_1_2' title="bbox 26 414 1183 4208">
     <span class='ocr_line' id='line_1_2' title="bbox 177 414 915 500; baseline -0.004 -21"><span class='ocrx_word' id='word_1_5' title='bbox 177 416 264 500; x_wconf 87' lang='lat' dir='ltr'><strong>moly</strong></span> <span class='ocrx_word' id='word_1_6' title='bbox 281 425 394 479; x_wconf 90' lang='lat' dir='ltr'><strong>vocant</strong></span> <span class='ocrx_word' id='word_1_7' title='bbox 412 414 532 499; x_wconf 89' lang='lat' dir='ltr'><strong>superi:</strong></span> <span class='ocrx_word' id='word_1_8' title='bbox 550 415 642 500; x_wconf 83' lang='lat' dir='ltr'><strong>nigra</strong></span> <span class='ocrx_word' id='word_1_9' title='bbox 658 415 764 479; x_wconf 83' lang='lat' dir='ltr'>radice</span> <span class='ocrx_word' id='word_1_10' title='bbox 782 425 915 479; x_wconf 90' lang='lat' dir='ltr'><strong>tenetur.</strong></span> 
     </span>
     <span class='ocr_line' id='line_1_3' title="bbox 177 499 957 583; baseline 0 -19"><span class='ocrx_word' id='word_1_11' title='bbox 177 512 264 565; x_wconf 90' lang='lat' dir='ltr'><strong>tutus</strong></span> <span class='ocrx_word' id='word_1_12' title='bbox 282 521 319 565; x_wconf 92' lang='lat' dir='ltr'><strong>eo</strong></span> <span class='ocrx_word' id='word_1_13' title='bbox 336 499 525 583; x_wconf 86' lang='lat' dir='ltr'><strong>monitisque</strong></span> <span class='ocrx_word' id='word_1_14' title='bbox 543 500 637 564; x_wconf 92' lang='lat' dir='ltr'><strong>simul</strong></span> <span class='ocrx_word' id='word_1_15' title='bbox 655 500 843 565; x_wconf 87' lang='lat' dir='ltr'><strong>caelestibus</strong></span> <span class='ocrx_word' id='word_1_16' title='bbox 860 499 957 564; x_wconf 83' lang='lat' dir='ltr'><strong>intrat</strong></span> 
     </span>
     <span class='ocr_line' id='line_1_4' title="bbox 177 583 943 662; baseline -0.003 -12"><span class='ocrx_word' id='word_1_17' title='bbox 177 585 230 650; x_wconf 92' lang='lat' dir='ltr'><strong>ille</strong></span> <span class='ocrx_word' id='word_1_18' title='bbox 247 586 376 650; x_wconf 90' lang='lat' dir='ltr'><strong>domum</strong></span> <span class='ocrx_word' id='word_1_19' title='bbox 395 583 519 662; x_wconf 83' lang='lat' dir='ltr'><strong>Circes,</strong></span> <span class='ocrx_word' id='word_1_20' title='bbox 537 596 569 650; x_wconf 91' lang='lat' dir='ltr'><strong>et</strong></span> <span class='ocrx_word' id='word_1_21' title='bbox 587 586 628 650; x_wconf 89' lang='lat' dir='ltr'><strong>ad</strong></span> <span class='ocrx_word' id='word_1_22' title='bbox 645 585 796 650; x_wconf 86' lang='lat' dir='ltr'><strong>insidiosa</strong></span> <span class='ocrx_word' id='word_1_23' title='bbox 812 595 943 648; x_wconf 88' lang='lat' dir='ltr'><strong>vocatus</strong></span> 
     </span>
     <span class='ocr_line' id='line_1_5' title="bbox 108 670 901 756; baseline -0.008 -16"><span class='ocrx_word' id='word_1_24' title='bbox 108 690 159 740; x_wconf 77' lang='lat'><strong>295</strong></span> <span class='ocrx_word' id='word_1_25' title='bbox 177 672 305 756; x_wconf 89' lang='lat' dir='ltr'><strong>pocula,</strong></span> <span class='ocrx_word' id='word_1_26' title='bbox 323 681 488 736; x_wconf 89' lang='lat' dir='ltr'><strong>conantem</strong></span> <span class='ocrx_word' id='word_1_27' title='bbox 505 670 597 756; x_wconf 82' lang='lat' dir='ltr'><strong>virga</strong></span> <span class='ocrx_word' id='word_1_28' title='bbox 614 671 752 737; x_wconf 90' lang='lat' dir='ltr'><strong>mulcere</strong></span> <span class='ocrx_word' id='word_1_29' title='bbox 771 670 901 755; x_wconf 83' lang='lat' dir='ltr'><strong>capillos</strong></span> 
     </span>
     <span class='ocr_line' id='line_1_6' title="bbox 176 756 926 842; baseline 0 -22"><span class='ocrx_word' id='word_1_30' title='bbox 176 756 313 842; x_wconf 83' lang='lat' dir='ltr'><strong>reppulit</strong></span> <span class='ocrx_word' id='word_1_31' title='bbox 331 768 362 820; x_wconf 91' lang='lat' dir='ltr'><strong>et</strong></span> <span class='ocrx_word' id='word_1_32' title='bbox 380 757 486 821; x_wconf 88' lang='lat' dir='ltr'><strong>stricto</strong></span> <span class='ocrx_word' id='word_1_33' title='bbox 505 756 654 840; x_wconf 89' lang='lat' dir='ltr'><strong>pavidam</strong></span> <span class='ocrx_word' id='word_1_34' title='bbox 671 757 823 822; x_wconf 90' lang='lat' dir='ltr'><strong>deterruit</strong></span> <span class='ocrx_word' id='word_1_35' title='bbox 840 779 926 821; x_wconf 86' lang='lat' dir='ltr'><strong>ense.</strong></span> 
     </span>
     <span class='ocr_line' id='line_1_7' title="bbox 176 841 1066 926; baseline 0 -20"><span class='ocrx_word' id='word_1_36' title='bbox 176 841 250 907; x_wconf 89' lang='lat' dir='ltr'><strong>inde</strong></span> <span class='ocrx_word' id='word_1_37' title='bbox 266 841 345 907; x_wconf 92' lang='lat' dir='ltr'><strong>fides</strong></span> <span class='ocrx_word' id='word_1_38' title='bbox 363 841 555 925; x_wconf 82' lang='lat' dir='ltr'><strong>dextraeque</strong></span> <span class='ocrx_word' id='word_1_39' title='bbox 574 843 680 907; x_wconf 91' lang='lat' dir='ltr'><strong>datae:</strong></span> <span class='ocrx_word' id='word_1_40' title='bbox 698 842 902 926; x_wconf 86' lang='lat' dir='ltr'><strong>thalamoque</strong></span> <span class='ocrx_word' id='word_1_41' title='bbox 919 851 1066 926; x_wconf 89' lang='lat' dir='ltr'><strong>receptus</strong></span> 
     </span>
     <span class='ocr_line' id='line_1_8' title="bbox 178 927 892 1028; baseline -0.003 -36"><span class='ocrx_word' id='word_1_42' title='bbox 178 927 316 1028; x_wconf 74' lang='lat' dir='ltr'><strong>coniugii</strong></span> <span class='ocrx_word' id='word_1_43' title='bbox 334 927 441 992; x_wconf 88' lang='lat' dir='ltr'><strong>dotem</strong></span> <span class='ocrx_word' id='word_1_44' title='bbox 458 927 614 992; x_wconf 90' lang='lat' dir='ltr'><strong>sociorum</strong></span> <span class='ocrx_word' id='word_1_45' title='bbox 632 949 764 1013; x_wconf 85' lang='lat' dir='ltr'><strong>corpora</strong></span> <span class='ocrx_word' id='word_1_46' title='bbox 781 928 892 1013; x_wconf 89' lang='lat' dir='ltr'><strong>poscit.</strong></span> 
     </span>
     <span class='ocr_line' id='line_1_9' title="bbox 178 1012 937 1098; baseline 0 -21"><span class='ocrx_word' id='word_1_47' title='bbox 178 1035 356 1098; x_wconf 83' lang='lat' dir='ltr'><strong>spargrmur</strong></span> <span class='ocrx_word' id='word_1_48' title='bbox 373 1013 500 1098; x_wconf 87' lang='lat' dir='ltr'><strong>ignotae</strong></span> <span class='ocrx_word' id='word_1_49' title='bbox 519 1013 601 1078; x_wconf 89' lang='lat' dir='ltr'><strong>sucis</strong></span> <span class='ocrx_word' id='word_1_50' title='bbox 619 1013 802 1078; x_wconf 89' lang='lat' dir='ltr'><strong>melioribus</strong></span> <span class='ocrx_word' id='word_1_51' title='bbox 820 1012 937 1077; x_wconf 88' lang='lat' dir='ltr'><strong>herbae</strong></span> 
     </span>
     <span class='ocr_line' id='line_1_10' title="bbox 110 1098 1021 1184; baseline -0.001 -19"><span class='ocrx_word' id='word_1_52' title='bbox 110 1116 160 1168; x_wconf 81' lang='lat' dir='ltr'><strong>too</strong></span> <span class='ocrx_word' id='word_1_53' title='bbox 177 1098 433 1184; x_wconf 83' lang='lat' dir='ltr'><strong>percutimurque</strong></span> <span class='ocrx_word' id='word_1_54' title='bbox 451 1110 547 1183; x_wconf 90' lang='lat' dir='ltr'><strong>caput</strong></span> <span class='ocrx_word' id='word_1_55' title='bbox 565 1120 735 1164; x_wconf 88' lang='lat' dir='ltr'><strong>conversae</strong></span> <span class='ocrx_word' id='word_1_56' title='bbox 752 1099 883 1163; x_wconf 88' lang='lat' dir='ltr'><strong>verbere</strong></span> <span class='ocrx_word' id='word_1_57' title='bbox 900 1098 1021 1184; x_wconf 84' lang='lat' dir='ltr'><strong>virgae,</strong></span> 
     </span>
     <span class='ocr_line' id='line_1_11' title="bbox 177 1183 918 1268; baseline 0.001 -20"><span class='ocrx_word' id='word_1_58' title='bbox 177 1184 337 1268; x_wconf 87' lang='lat' dir='ltr'><strong>verbaque</strong></span> <span class='ocrx_word' id='word_1_59' title='bbox 356 1183 503 1248; x_wconf 90' lang='lat' dir='ltr'><strong>dicuntur</strong></span> <span class='ocrx_word' id='word_1_60' title='bbox 520 1184 611 1249; x_wconf 89' lang='lat' dir='ltr'><strong>dictis</strong></span> <span class='ocrx_word' id='word_1_61' title='bbox 630 1185 786 1249; x_wconf 89' lang='lat' dir='ltr'><strong>contraria</strong></span> <span class='ocrx_word' id='word_1_62' title='bbox 803 1184 918 1249; x_wconf 85' lang='lat' dir='ltr'><strong>verbis.</strong></span> 
     </span>
     <span class='ocr_line' id='line_1_12' title="bbox 178 1269 987 1355; baseline 0.001 -22"><span class='ocrx_word' id='word_1_63' title='bbox 178 1291 241 1354; x_wconf 92' lang='lat' dir='ltr'><strong>quo</strong></span> <span class='ocrx_word' id='word_1_64' title='bbox 259 1269 361 1355; x_wconf 87' lang='lat' dir='ltr'><strong>magis</strong></span> <span class='ocrx_word' id='word_1_65' title='bbox 378 1269 433 1334; x_wconf 89' lang='lat' dir='ltr'><strong>illa</strong></span> <span class='ocrx_word' id='word_1_66' title='bbox 449 1269 552 1345; x_wconf 88' lang='lat' dir='ltr'><strong>canit,</strong></span> <span class='ocrx_word' id='word_1_67' title='bbox 566 1269 668 1354; x_wconf 85' lang='lat' dir='ltr'><strong>magis</strong></span> <span class='ocrx_word' id='word_1_68' title='bbox 685 1270 745 1334; x_wconf 92' lang='lat' dir='ltr'><strong>hoc</strong></span> <span class='ocrx_word' id='word_1_69' title='bbox 763 1270 873 1335; x_wconf 84' lang='lat' dir='ltr'><strong>tellure</strong></span> <span class='ocrx_word' id='word_1_70' title='bbox 890 1270 987 1335; x_wconf 89' lang='lat' dir='ltr'><strong>levati</strong></span> 
     </span>
     <span class='ocr_line' id='line_1_13' title="bbox 178 1355 1039 1441; baseline 0 -21"><span class='ocrx_word' id='word_1_71' title='bbox 178 1355 341 1441; x_wconf 85' lang='lat' dir='ltr'><strong>erigimur,</strong></span> <span class='ocrx_word' id='word_1_72' title='bbox 360 1365 528 1438; x_wconf 89' lang='lat' dir='ltr'><strong>saetaeque</strong></span> <span class='ocrx_word' id='word_1_73' title='bbox 546 1356 677 1433; x_wconf 90' lang='lat' dir='ltr'><strong>cadunt,</strong></span> <span class='ocrx_word' id='word_1_74' title='bbox 696 1355 870 1439; x_wconf 88' lang='lat' dir='ltr'><strong>bifidosque</strong></span> <span class='ocrx_word' id='word_1_75' title='bbox 887 1355 1039 1438; x_wconf 86' lang='lat' dir='ltr'><strong>relinquit</strong></span> 
     </span>
     <span class='ocr_line' id='line_1_14' title="bbox 177 1440 1005 1517; baseline 0 -13"><span class='ocrx_word' id='word_1_76' title='bbox 177 1441 258 1504; x_wconf 90' lang='lat' dir='ltr'><strong>rima</strong></span> <span class='ocrx_word' id='word_1_77' title='bbox 298 1440 386 1517; x_wconf 89' lang='lat' dir='ltr'><strong>edes,</strong></span> <span class='ocrx_word' id='word_1_78' title='bbox 403 1440 537 1505; x_wconf 92' lang='lat' dir='ltr'><strong>redeunt</strong></span> <span class='ocrx_word' id='word_1_79' title='bbox 554 1441 655 1505; x_wconf 92' lang='lat' dir='ltr'><strong>umeri</strong></span> <span class='ocrx_word' id='word_1_80' title='bbox 673 1451 704 1505; x_wconf 91' lang='lat' dir='ltr'><strong>et</strong></span> <span class='ocrx_word' id='word_1_81' title='bbox 721 1440 863 1506; x_wconf 87' lang='lat' dir='ltr'><strong>subiecta</strong></span> <span class='ocrx_word' id='word_1_82' title='bbox 879 1442 1005 1506; x_wconf 83' lang='lat' dir='ltr'><strong>lacertis</strong></span> 
     </span>
     <span class='ocr_line' id='line_1_15' title="bbox 28 1463 1039 1610; baseline -0.004 -18"><span class='ocrx_word' id='word_1_83' title='bbox 28 1577 29 1580; x_wconf 63' lang='lat'><strong>,</strong></span> <span class='ocrx_word' id='word_1_84' title='bbox 110 1544 159 1593; x_wconf 81' lang='lat'><strong>305</strong></span> <span class='ocrx_word' id='word_1_85' title='bbox 177 1463 326 1591; x_wconf 75' lang='lat' dir='ltr'><strong>bracchia</strong></span> <span class='ocrx_word' id='word_1_86' title='bbox 343 1537 425 1591; x_wconf 86' lang='lat' dir='ltr'><strong>sunt.</strong></span> <span class='ocrx_word' id='word_1_87' title='bbox 469 1526 595 1591; x_wconf 90' lang='lat' dir='ltr'><strong>flentem</strong></span> <span class='ocrx_word' id='word_1_88' title='bbox 613 1527 724 1591; x_wconf 87' lang='lat' dir='ltr'><strong>flentes</strong></span> <span class='ocrx_word' id='word_1_89' title='bbox 742 1526 961 1610; x_wconf 82' lang='lat' dir='ltr'><strong>amplectimur</strong></span> <span class='ocrx_word' id='word_1_90' title='bbox 977 1525 1039 1610; x_wconf 90' lang='lat' dir='ltr'><strong>ipsi</strong></span> 
     </span>
     <span class='ocr_line' id='line_1_16' title="bbox 176 1611 956 1694; baseline 0 -19"><span class='ocrx_word' id='word_1_91' title='bbox 176 1611 406 1694; x_wconf 82' lang='lat' dir='ltr'><strong>haeremusque</strong></span> <span class='ocrx_word' id='word_1_92' title='bbox 424 1611 513 1676; x_wconf 90' lang='lat' dir='ltr'><strong>ducis</strong></span> <span class='ocrx_word' id='word_1_93' title='bbox 531 1612 621 1677; x_wconf 91' lang='lat' dir='ltr'><strong>collo.</strong></span> <span class='ocrx_word' id='word_1_94' title='bbox 665 1633 725 1676; x_wconf 91' lang='lat' dir='ltr'><strong>nec</strong></span> <span class='ocrx_word' id='word_1_95' title='bbox 743 1612 840 1677; x_wconf 89' lang='lat' dir='ltr'><strong>verba</strong></span> <span class='ocrx_word' id='word_1_96' title='bbox 857 1612 956 1677; x_wconf 90' lang='lat' dir='ltr'><strong>locuti</strong></span> 
     </span>
     <span class='ocr_line' id='line_1_17' title="bbox 177 1696 995 1783; baseline -0.001 -22"><span class='ocrx_word' id='word_1_97' title='bbox 177 1696 242 1761; x_wconf 90' lang='lat' dir='ltr'><strong>ulla</strong></span> <span class='ocrx_word' id='word_1_98' title='bbox 259 1696 366 1781; x_wconf 86' lang='lat' dir='ltr'><strong>priora</strong></span> <span class='ocrx_word' id='word_1_99' title='bbox 383 1719 506 1774; x_wconf 91' lang='lat' dir='ltr'><strong>sumus,</strong></span> <span class='ocrx_word' id='word_1_100' title='bbox 525 1717 621 1779; x_wconf 89' lang='lat' dir='ltr'><strong>quem</strong></span> <span class='ocrx_word' id='word_1_101' title='bbox 638 1718 696 1761; x_wconf 91' lang='lat' dir='ltr'><strong>nos</strong></span> <span class='ocrx_word' id='word_1_102' title='bbox 713 1697 860 1762; x_wconf 90' lang='lat' dir='ltr'><strong>testantia</strong></span> <span class='ocrx_word' id='word_1_103' title='bbox 877 1708 995 1783; x_wconf 87' lang='lat' dir='ltr'><strong>gratos.</strong></span> 
     </span>
     <span class='ocr_line' id='line_1_18' title="bbox 178 1782 1025 1869; baseline 0.002 -24"><span class='ocrx_word' id='word_1_104' title='bbox 178 1805 284 1847; x_wconf 89' lang='lat' dir='ltr'><strong>annua</strong></span> <span class='ocrx_word' id='word_1_105' title='bbox 300 1803 358 1847; x_wconf 87' lang='lat' dir='ltr'><strong>nos</strong></span> <span class='ocrx_word' id='word_1_106' title='bbox 375 1782 439 1846; x_wconf 93' lang='lat' dir='ltr'><strong>illic</strong></span> <span class='ocrx_word' id='word_1_107' title='bbox 456 1782 558 1847; x_wconf 90' lang='lat' dir='ltr'><strong>tenuit</strong></span> <span class='ocrx_word' id='word_1_108' title='bbox 574 1805 677 1847; x_wconf 87' lang='lat' dir='ltr'><strong>mora:</strong></span> <span class='ocrx_word' id='word_1_109' title='bbox 696 1783 858 1866; x_wconf 89' lang='lat' dir='ltr'><strong>multaque</strong></span> <span class='ocrx_word' id='word_1_110' title='bbox 875 1805 1025 1869; x_wconf 89' lang='lat' dir='ltr'><strong>praesens</strong></span> 
     </span>
     <span class='ocr_line' id='line_1_19' title="bbox 178 1868 996 1953; baseline 0 -21"><span class='ocrx_word' id='word_1_111' title='bbox 178 1879 319 1953; x_wconf 89' lang='lat' dir='ltr'><strong>tempore</strong></span> <span class='ocrx_word' id='word_1_112' title='bbox 336 1878 402 1932; x_wconf 88' lang='lat' dir='ltr'><strong>tam</strong></span> <span class='ocrx_word' id='word_1_113' title='bbox 418 1868 515 1953; x_wconf 86' lang='lat' dir='ltr'><strong>longo</strong></span> <span class='ocrx_word' id='word_1_114' title='bbox 533 1868 611 1944; x_wconf 92' lang='lat' dir='ltr'><strong>vidi,</strong></span> <span class='ocrx_word' id='word_1_115' title='bbox 629 1868 729 1932; x_wconf 87' lang='lat' dir='ltr'><strong>multa</strong></span> <span class='ocrx_word' id='word_1_116' title='bbox 747 1868 875 1933; x_wconf 90' lang='lat' dir='ltr'><strong>auribus</strong></span> <span class='ocrx_word' id='word_1_117' title='bbox 893 1868 996 1933; x_wconf 90' lang='lat' dir='ltr'><strong>hausi.</strong></span> 
     </span>
     <span class='ocr_line' id='line_1_20' title="bbox 111 1952 1129 2038; baseline -0.002 -18"><span class='ocrx_word' id='word_1_118' title='bbox 111 1972 160 2022; x_wconf 78' lang='lat'><strong>310</strong></span> <span class='ocrx_word' id='word_1_119' title='bbox 178 1953 238 2018; x_wconf 89' lang='lat' dir='ltr'><strong>hoc</strong></span> <span class='ocrx_word' id='word_1_120' title='bbox 256 1974 382 2038; x_wconf 91' lang='lat' dir='ltr'><strong>quoque</strong></span> <span class='ocrx_word' id='word_1_121' title='bbox 400 1974 472 2018; x_wconf 92' lang='lat' dir='ltr'><strong>cum</strong></span> <span class='ocrx_word' id='word_1_122' title='bbox 489 1953 610 2030; x_wconf 89' lang='lat' dir='ltr'><strong>multis,</strong></span> <span class='ocrx_word' id='word_1_123' title='bbox 629 1952 716 2037; x_wconf 94' lang='lat' dir='ltr'><strong>quod</strong></span> <span class='ocrx_word' id='word_1_124' title='bbox 733 1954 814 2018; x_wconf 91' lang='lat' dir='ltr'><strong>clam</strong></span> <span class='ocrx_word' id='word_1_125' title='bbox 832 1954 910 2018; x_wconf 92' lang='lat' dir='ltr'><strong>mihi</strong></span> <span class='ocrx_word' id='word_1_126' title='bbox 926 1953 1050 2019; x_wconf 91' lang='lat' dir='ltr'><strong>rettulit</strong></span> <span class='ocrx_word' id='word_1_127' title='bbox 1068 1975 1129 2018; x_wconf 90' lang='lat' dir='ltr'><strong>una</strong></span> 
     </span>
     <span class='ocr_line' id='line_1_21' title="bbox 178 2037 910 2124; baseline 0.001 -21"><span class='ocrx_word' id='word_1_128' title='bbox 178 2050 327 2123; x_wconf 90' lang='lat' dir='ltr'><strong>quattuor</strong></span> <span class='ocrx_word' id='word_1_129' title='bbox 344 2062 362 2104; x_wconf 88' lang='lat' dir='ltr'><strong>e</strong></span> <span class='ocrx_word' id='word_1_130' title='bbox 380 2037 507 2105; x_wconf 86' lang='lat' dir='ltr'><strong>famulis</strong></span> <span class='ocrx_word' id='word_1_131' title='bbox 525 2039 565 2103; x_wconf 94' lang='lat' dir='ltr'><strong>ad</strong></span> <span class='ocrx_word' id='word_1_132' title='bbox 582 2039 658 2103; x_wconf 86' lang='lat' dir='ltr'><strong>talia</strong></span> <span class='ocrx_word' id='word_1_133' title='bbox 675 2062 765 2104; x_wconf 90' lang='lat' dir='ltr'><strong>sacra</strong></span> <span class='ocrx_word' id='word_1_134' title='bbox 782 2040 910 2124; x_wconf 84' lang='lat' dir='ltr'><strong>paratis.</strong></span> 
     </span>
     <span class='ocr_line' id='line_1_22' title="bbox 178 2121 1056 2208; baseline -0.001 -18"><span class='ocrx_word' id='word_1_135' title='bbox 178 2148 252 2190; x_wconf 91' lang='lat' dir='ltr'><strong>cum</strong></span> <span class='ocrx_word' id='word_1_136' title='bbox 269 2125 351 2190; x_wconf 92' lang='lat' dir='ltr'><strong>duce</strong></span> <span class='ocrx_word' id='word_1_137' title='bbox 367 2146 505 2208; x_wconf 90' lang='lat' dir='ltr'><strong>namque</strong></span> <span class='ocrx_word' id='word_1_138' title='bbox 522 2146 593 2189; x_wconf 89' lang='lat' dir='ltr'><strong>meo</strong></span> <span class='ocrx_word' id='word_1_139' title='bbox 612 2121 706 2190; x_wconf 83' lang='lat' dir='ltr'><strong>Circe</strong></span> <span class='ocrx_word' id='word_1_140' title='bbox 724 2124 801 2190; x_wconf 94' lang='lat' dir='ltr'><strong>dum</strong></span> <span class='ocrx_word' id='word_1_141' title='bbox 819 2127 886 2190; x_wconf 90' lang='lat' dir='ltr'><strong>sola</strong></span> <span class='ocrx_word' id='word_1_142' title='bbox 902 2136 1056 2203; x_wconf 89' lang='lat' dir='ltr'><strong>moratur,</strong></span> 
     </span>
     <span class='ocr_line' id='line_1_23' title="bbox 177 2210 947 2296; baseline -0.001 -21"><span class='ocrx_word' id='word_1_143' title='bbox 177 2210 232 2275; x_wconf 89' lang='lat' dir='ltr'><strong>illa</strong></span> <span class='ocrx_word' id='word_1_144' title='bbox 249 2210 326 2275; x_wconf 92' lang='lat' dir='ltr'><strong>mihi</strong></span> <span class='ocrx_word' id='word_1_145' title='bbox 343 2210 435 2275; x_wconf 85' lang='lat' dir='ltr'><strong>niveo</strong></span> <span class='ocrx_word' id='word_1_146' title='bbox 453 2211 572 2275; x_wconf 88' lang='lat' dir='ltr'><strong>factum</strong></span> <span class='ocrx_word' id='word_1_147' title='bbox 590 2211 630 2275; x_wconf 93' lang='lat' dir='ltr'><strong>de</strong></span> <span class='ocrx_word' id='word_1_148' title='bbox 647 2233 803 2275; x_wconf 91' lang='lat' dir='ltr'><strong>marmore</strong></span> <span class='ocrx_word' id='word_1_149' title='bbox 820 2210 947 2296; x_wconf 85' lang='lat' dir='ltr'><strong>signum</strong></span> 
     </span>
     <span class='ocr_line' id='line_1_24' title="bbox 178 2295 944 2382; baseline 0 -22"><span class='ocrx_word' id='word_1_150' title='bbox 178 2296 315 2361; x_wconf 87' lang='lat' dir='ltr'><strong>ostendit</strong></span> <span class='ocrx_word' id='word_1_151' title='bbox 332 2295 492 2373; x_wconf 90' lang='lat' dir='ltr'><strong>iuvenale,</strong></span> <span class='ocrx_word' id='word_1_152' title='bbox 510 2319 624 2382; x_wconf 84' lang='lat' dir='ltr'><strong>gerens</strong></span> <span class='ocrx_word' id='word_1_153' title='bbox 642 2296 675 2360; x_wconf 92' lang='lat' dir='ltr'><strong>in</strong></span> <span class='ocrx_word' id='word_1_154' title='bbox 693 2296 809 2361; x_wconf 90' lang='lat' dir='ltr'><strong>vertice</strong></span> <span class='ocrx_word' id='word_1_155' title='bbox 826 2297 944 2381; x_wconf 89' lang='lat' dir='ltr'><strong>picum,</strong></span> 
     </span>
     <span class='ocr_line' id='line_1_25' title="bbox 110 2381 999 2467; baseline -0.003 -18"><span class='ocrx_word' id='word_1_156' title='bbox 110 2400 160 2449; x_wconf 78' lang='lat'><strong>315</strong></span> <span class='ocrx_word' id='word_1_157' title='bbox 179 2381 257 2448; x_wconf 88' lang='lat' dir='ltr'><strong>aede</strong></span> <span class='ocrx_word' id='word_1_158' title='bbox 276 2404 365 2447; x_wconf 90' lang='lat' dir='ltr'><strong>sacra</strong></span> <span class='ocrx_word' id='word_1_159' title='bbox 382 2382 520 2467; x_wconf 92' lang='lat' dir='ltr'><strong>positum</strong></span> <span class='ocrx_word' id='word_1_160' title='bbox 536 2381 706 2464; x_wconf 88' lang='lat' dir='ltr'><strong>multisque</strong></span> <span class='ocrx_word' id='word_1_161' title='bbox 723 2382 846 2467; x_wconf 82' lang='lat' dir='ltr'><strong>insigne</strong></span> <span class='ocrx_word' id='word_1_162' title='bbox 865 2382 999 2447; x_wconf 90' lang='lat' dir='ltr'><strong>coronis.</strong></span> 
     </span>
     <span class='ocr_line' id='line_1_26' title="bbox 177 2466 953 2552; baseline 0.001 -20"><span class='ocrx_word' id='word_1_163' title='bbox 177 2468 250 2552; x_wconf 91' lang='lat' dir='ltr'><strong>quis</strong></span> <span class='ocrx_word' id='word_1_164' title='bbox 268 2466 350 2533; x_wconf 87' lang='lat' dir='ltr'><strong>foret</strong></span> <span class='ocrx_word' id='word_1_165' title='bbox 368 2480 399 2532; x_wconf 92' lang='lat' dir='ltr'><strong>et</strong></span> <span class='ocrx_word' id='word_1_166' title='bbox 417 2488 515 2550; x_wconf 90' lang='lat' dir='ltr'><strong>quare</strong></span> <span class='ocrx_word' id='word_1_167' title='bbox 534 2489 623 2532; x_wconf 89' lang='lat' dir='ltr'><strong>sacra</strong></span> <span class='ocrx_word' id='word_1_168' title='bbox 641 2467 797 2532; x_wconf 88' lang='lat' dir='ltr'><strong>coleretur</strong></span> <span class='ocrx_word' id='word_1_169' title='bbox 814 2468 847 2532; x_wconf 91' lang='lat' dir='ltr'><strong>in</strong></span> <span class='ocrx_word' id='word_1_170' title='bbox 865 2468 953 2544; x_wconf 88' lang='lat' dir='ltr'><strong>aede,</strong></span> 
     </span>
     <span class='ocr_line' id='line_1_27' title="bbox 179 2552 1035 2636; baseline -0.002 -18"><span class='ocrx_word' id='word_1_171' title='bbox 179 2576 235 2618; x_wconf 92' lang='lat' dir='ltr'><strong>cur</strong></span> <span class='ocrx_word' id='word_1_172' title='bbox 252 2553 334 2617; x_wconf 91' lang='lat' dir='ltr'><strong>hanc</strong></span> <span class='ocrx_word' id='word_1_173' title='bbox 351 2552 447 2618; x_wconf 88' lang='lat' dir='ltr'><strong>ferret</strong></span> <span class='ocrx_word' id='word_1_174' title='bbox 464 2575 570 2629; x_wconf 88' lang='lat' dir='ltr'><strong>avem,</strong></span> <span class='ocrx_word' id='word_1_175' title='bbox 588 2553 752 2636; x_wconf 90' lang='lat' dir='ltr'><strong>quaerenti</strong></span> <span class='ocrx_word' id='word_1_176' title='bbox 770 2563 801 2617; x_wconf 90' lang='lat' dir='ltr'><strong>et</strong></span> <span class='ocrx_word' id='word_1_177' title='bbox 818 2553 898 2618; x_wconf 91' lang='lat' dir='ltr'><strong>scire</strong></span> <span class='ocrx_word' id='word_1_178' title='bbox 916 2552 1035 2618; x_wconf 89' lang='lat' dir='ltr'><strong>volenti</strong></span> 
     </span>
     <span class='ocr_line' id='line_1_28' title="bbox 179 2636 1160 2724; baseline -0.003 -22"><span class='ocrx_word' id='word_1_179' title='bbox 179 2638 343 2724; x_wconf 68' lang='lat' dir='ltr'><strong>“accipe’&#39;</strong></span> <span class='ocrx_word' id='word_1_180' title='bbox 362 2638 405 2701; x_wconf 91' lang='lat' dir='ltr'><strong>ait</strong></span> <span class='ocrx_word' id='word_1_181' title='bbox 422 2638 615 2715; x_wconf 89' lang='lat' dir='ltr'><strong>“Macareu,</strong></span> <span class='ocrx_word' id='word_1_182' title='bbox 633 2638 844 2722; x_wconf 87' lang='lat' dir='ltr'><strong>dominaeque</strong></span> <span class='ocrx_word' id='word_1_183' title='bbox 861 2639 1003 2724; x_wconf 85' lang='lat' dir='ltr'><strong>potentia</strong></span> <span class='ocrx_word' id='word_1_184' title='bbox 1021 2636 1160 2722; x_wconf 85' lang='lat' dir='ltr'><strong>quaesit,</strong></span> 
     </span>
     <span class='ocr_line' id='line_1_29' title="bbox 179 2722 1059 2807; baseline 0 -20"><span class='ocrx_word' id='word_1_185' title='bbox 179 2722 253 2788; x_wconf 92' lang='lat' dir='ltr'><strong>hinc</strong></span> <span class='ocrx_word' id='word_1_186' title='bbox 270 2745 397 2807; x_wconf 92' lang='lat' dir='ltr'><strong>quoque</strong></span> <span class='ocrx_word' id='word_1_187' title='bbox 415 2723 501 2788; x_wconf 91' lang='lat' dir='ltr'><strong>disce</strong></span> <span class='ocrx_word' id='word_1_188' title='bbox 518 2745 622 2789; x_wconf 88' lang='lat' dir='ltr'><strong>meae:</strong></span> <span class='ocrx_word' id='word_1_189' title='bbox 640 2734 676 2787; x_wconf 92' lang='lat' dir='ltr'><strong>tu</strong></span> <span class='ocrx_word' id='word_1_190' title='bbox 694 2723 785 2788; x_wconf 88' lang='lat' dir='ltr'><strong>dictis</strong></span> <span class='ocrx_word' id='word_1_191' title='bbox 803 2724 892 2788; x_wconf 85' lang='lat' dir='ltr'><strong>adice</strong></span> <span class='ocrx_word' id='word_1_192' title='bbox 911 2736 1059 2789; x_wconf 90' lang='lat' dir='ltr'><strong>mentem.</strong></span> 
     </span>
     <span class='ocr_line' id='line_1_30' title="bbox 112 2807 1183 2895; baseline -0.003 -18"><span class='ocrx_word' id='word_1_193' title='bbox 112 2828 162 2877; x_wconf 77' lang='lat' dir='ltr'><strong>tto</strong></span> <span class='ocrx_word' id='word_1_194' title='bbox 221 2808 318 2873; x_wconf 91' lang='lat' dir='ltr'><strong>Picus</strong></span> <span class='ocrx_word' id='word_1_195' title='bbox 336 2809 369 2872; x_wconf 92' lang='lat' dir='ltr'><strong>in</strong></span> <span class='ocrx_word' id='word_1_196' title='bbox 386 2808 552 2884; x_wconf 86' lang='lat' dir='ltr'><strong>Ausoniis,</strong></span> <span class='ocrx_word' id='word_1_197' title='bbox 570 2809 674 2895; x_wconf 90' lang='lat' dir='ltr'><strong>proles</strong></span> <span class='ocrx_word' id='word_1_198' title='bbox 692 2807 856 2886; x_wconf 89' lang='lat' dir='ltr'><strong>Saturnia,</strong></span> <span class='ocrx_word' id='word_1_199' title='bbox 875 2809 966 2874; x_wconf 88' lang='lat' dir='ltr'><strong>terris</strong></span> <span class='ocrx_word' id='word_1_200' title='bbox 1094 2819 1183 2889; x_wconf 76' lang='lat' dir='ltr'><strong>(Picus.)</strong></span> 
     </span>
     <span class='ocr_line' id='line_1_31' title="bbox 178 2893 930 2978; baseline -0.001 -19"><span class='ocrx_word' id='word_1_201' title='bbox 178 2916 235 2959; x_wconf 89' lang='lat' dir='ltr'><strong>rex</strong></span> <span class='ocrx_word' id='word_1_202' title='bbox 252 2893 327 2971; x_wconf 88' lang='lat' dir='ltr'><strong>fuit,</strong></span> <span class='ocrx_word' id='word_1_203' title='bbox 346 2893 471 2958; x_wconf 92' lang='lat' dir='ltr'><strong>utilium</strong></span> <span class='ocrx_word' id='word_1_204' title='bbox 488 2895 572 2959; x_wconf 92' lang='lat' dir='ltr'><strong>bello</strong></span> <span class='ocrx_word' id='word_1_205' title='bbox 591 2895 749 2959; x_wconf 90' lang='lat' dir='ltr'><strong>studiosus</strong></span> <span class='ocrx_word' id='word_1_206' title='bbox 768 2916 930 2978; x_wconf 91' lang='lat' dir='ltr'><strong>equorum.</strong></span> 
     </span>
     <span class='ocr_line' id='line_1_32' title="bbox 179 2979 1085 3065; baseline 0.001 -21"><span class='ocrx_word' id='word_1_207' title='bbox 179 2980 281 3044; x_wconf 80' lang='lat' dir='ltr'><strong>forma</strong></span> <span class='ocrx_word' id='word_1_208' title='bbox 298 2979 376 3056; x_wconf 91' lang='lat' dir='ltr'><strong>viro,</strong></span> <span class='ocrx_word' id='word_1_209' title='bbox 394 3000 490 3063; x_wconf 87' lang='lat' dir='ltr'><strong>quam</strong></span> <span class='ocrx_word' id='word_1_210' title='bbox 508 2979 623 3057; x_wconf 88' lang='lat' dir='ltr'><strong>cernis,</strong></span> <span class='ocrx_word' id='word_1_211' title='bbox 642 2990 719 3045; x_wconf 85' lang='lat' dir='ltr'><strong>erat.</strong></span> <span class='ocrx_word' id='word_1_212' title='bbox 761 2980 836 3045; x_wconf 89' lang='lat' dir='ltr'><strong>licet</strong></span> <span class='ocrx_word' id='word_1_213' title='bbox 852 2981 920 3065; x_wconf 90' lang='lat' dir='ltr'><strong>ipse</strong></span> <span class='ocrx_word' id='word_1_214' title='bbox 938 2981 1085 3046; x_wconf 89' lang='lat' dir='ltr'><strong>decorem</strong></span> 
     </span>
     <span class='ocr_line' id='line_1_33' title="bbox 179 3064 967 3151; baseline 0.001 -22"><span class='ocrx_word' id='word_1_215' title='bbox 179 3064 328 3150; x_wconf 85' lang='lat' dir='ltr'><strong>aspicias,</strong></span> <span class='ocrx_word' id='word_1_216' title='bbox 345 3065 483 3148; x_wconf 89' lang='lat' dir='ltr'><strong>fictaque</strong></span> <span class='ocrx_word' id='word_1_217' title='bbox 500 3065 615 3151; x_wconf 90' lang='lat' dir='ltr'><strong>probes</strong></span> <span class='ocrx_word' id='word_1_218' title='bbox 635 3065 675 3129; x_wconf 91' lang='lat' dir='ltr'><strong>ab</strong></span> <span class='ocrx_word' id='word_1_219' title='bbox 693 3065 831 3151; x_wconf 86' lang='lat' dir='ltr'><strong>imagine</strong></span> <span class='ocrx_word' id='word_1_220' title='bbox 849 3088 967 3130; x_wconf 87' lang='lat' dir='ltr'><strong>veram.</strong></span> 
     </span>
     <span class='ocr_line' id='line_1_34' title="bbox 178 3149 1115 3238; baseline 0.001 -23"><span class='ocrx_word' id='word_1_221' title='bbox 178 3172 237 3236; x_wconf 89' lang='lat' dir='ltr'><strong>par</strong></span> <span class='ocrx_word' id='word_1_222' title='bbox 253 3149 378 3216; x_wconf 87' lang='lat' dir='ltr'><strong>animus</strong></span> <span class='ocrx_word' id='word_1_223' title='bbox 394 3150 525 3215; x_wconf 90' lang='lat' dir='ltr'><strong>formae.</strong></span> <span class='ocrx_word' id='word_1_224' title='bbox 568 3172 627 3215; x_wconf 91' lang='lat' dir='ltr'><strong>nec</strong></span> <span class='ocrx_word' id='word_1_225' title='bbox 645 3150 748 3214; x_wconf 91' lang='lat' dir='ltr'><strong>adhuc</strong></span> <span class='ocrx_word' id='word_1_226' title='bbox 767 3162 925 3235; x_wconf 89' lang='lat' dir='ltr'><strong>spectasse</strong></span> <span class='ocrx_word' id='word_1_227' title='bbox 941 3174 1000 3238; x_wconf 91' lang='lat' dir='ltr'><strong>per</strong></span> <span class='ocrx_word' id='word_1_228' title='bbox 1017 3173 1115 3216; x_wconf 88' lang='lat' dir='ltr'><strong>annos</strong></span> 
     </span>
     <span class='ocr_line' id='line_1_35' title="bbox 112 3234 1098 3323; baseline -0.003 -19"><span class='ocrx_word' id='word_1_229' title='bbox 112 3254 161 3304; x_wconf 75' lang='lat' dir='ltr'><strong>tto</strong></span> <span class='ocrx_word' id='word_1_230' title='bbox 180 3234 415 3319; x_wconf 90' lang='lat' dir='ltr'><strong>quinquennem</strong></span> <span class='ocrx_word' id='word_1_231' title='bbox 432 3247 555 3320; x_wconf 87' lang='lat' dir='ltr'><strong>poterat</strong></span> <span class='ocrx_word' id='word_1_232' title='bbox 573 3234 689 3301; x_wconf 88' lang='lat' dir='ltr'><strong>Graios</strong></span> <span class='ocrx_word' id='word_1_233' title='bbox 707 3247 818 3319; x_wconf 87' lang='lat' dir='ltr'><strong>quater</strong></span> <span class='ocrx_word' id='word_1_234' title='bbox 836 3237 929 3302; x_wconf 90' lang='lat' dir='ltr'><strong>edere</strong></span> <span class='ocrx_word' id='word_1_235' title='bbox 946 3259 1098 3323; x_wconf 86' lang='lat' dir='ltr'><strong>pugnam.</strong></span> 
     </span>
     <span class='ocr_line' id='line_1_36' title="bbox 178 3320 942 3405; baseline 0.001 -19"><span class='ocrx_word' id='word_1_236' title='bbox 178 3321 232 3386; x_wconf 89' lang='lat' dir='ltr'><strong>ille</strong></span> <span class='ocrx_word' id='word_1_237' title='bbox 249 3343 323 3386; x_wconf 90' lang='lat' dir='ltr'><strong>suos</strong></span> <span class='ocrx_word' id='word_1_238' title='bbox 341 3320 490 3405; x_wconf 87' lang='lat' dir='ltr'><strong>Dryadas</strong></span> <span class='ocrx_word' id='word_1_239' title='bbox 508 3321 611 3385; x_wconf 91' lang='lat' dir='ltr'><strong>Latiis</strong></span> <span class='ocrx_word' id='word_1_240' title='bbox 628 3321 661 3384; x_wconf 93' lang='lat' dir='ltr'><strong>in</strong></span> <span class='ocrx_word' id='word_1_241' title='bbox 679 3321 839 3386; x_wconf 89' lang='lat' dir='ltr'><strong>montibus</strong></span> <span class='ocrx_word' id='word_1_242' title='bbox 857 3334 942 3387; x_wconf 88' lang='lat' dir='ltr'><strong>ortas</strong></span> 
     </span>
     <span class='ocr_line' id='line_1_37' title="bbox 178 3406 930 3492; baseline -0.001 -19"><span class='ocrx_word' id='word_1_243' title='bbox 178 3416 316 3473; x_wconf 88' lang='lat' dir='ltr'><strong>verterat</strong></span> <span class='ocrx_word' id='word_1_244' title='bbox 332 3407 366 3470; x_wconf 94' lang='lat' dir='ltr'><strong>in</strong></span> <span class='ocrx_word' id='word_1_245' title='bbox 383 3407 505 3483; x_wconf 89' lang='lat' dir='ltr'><strong>vultus,</strong></span> <span class='ocrx_word' id='word_1_246' title='bbox 523 3406 614 3470; x_wconf 92' lang='lat' dir='ltr'><strong>illum</strong></span> <span class='ocrx_word' id='word_1_247' title='bbox 630 3406 762 3471; x_wconf 88' lang='lat' dir='ltr'><strong>fontana</strong></span> <span class='ocrx_word' id='word_1_248' title='bbox 779 3408 930 3492; x_wconf 91' lang='lat' dir='ltr'><strong>petebant</strong></span> 
     </span>
     <span class='ocr_line' id='line_1_38' title="bbox 178 3491 1048 3576; baseline 0.003 -20"><span class='ocrx_word' id='word_1_249' title='bbox 178 3491 323 3569; x_wconf 90' lang='lat' dir='ltr'><strong>numina,</strong></span> <span class='ocrx_word' id='word_1_250' title='bbox 341 3491 495 3567; x_wconf 89' lang='lat' dir='ltr'><strong>Naiades,</strong></span> <span class='ocrx_word' id='word_1_251' title='bbox 513 3512 592 3574; x_wconf 89' lang='lat' dir='ltr'><strong>quas</strong></span> <span class='ocrx_word' id='word_1_252' title='bbox 610 3492 732 3556; x_wconf 85' lang='lat' dir='ltr'><strong>Albula</strong></span> <span class='ocrx_word' id='word_1_253' title='bbox 749 3513 892 3576; x_wconf 91' lang='lat' dir='ltr'><strong>quasque</strong></span> <span class='ocrx_word' id='word_1_254' title='bbox 908 3493 1048 3572; x_wconf 89' lang='lat' dir='ltr'><strong>Numici,</strong></span> 
     </span>
     <span class='ocr_line' id='line_1_39' title="bbox 178 3577 1045 3661; baseline 0.001 -18"><span class='ocrx_word' id='word_1_255' title='bbox 178 3599 258 3661; x_wconf 85' lang='lat' dir='ltr'><strong>quas</strong></span> <span class='ocrx_word' id='word_1_256' title='bbox 276 3577 411 3642; x_wconf 90' lang='lat' dir='ltr'><strong>Anienis</strong></span> <span class='ocrx_word' id='word_1_257' title='bbox 429 3599 530 3660; x_wconf 88' lang='lat' dir='ltr'><strong>aquae</strong></span> <span class='ocrx_word' id='word_1_258' title='bbox 549 3599 707 3660; x_wconf 88' lang='lat' dir='ltr'><strong>cursuque</strong></span> <span class='ocrx_word' id='word_1_259' title='bbox 725 3578 928 3643; x_wconf 89' lang='lat' dir='ltr'><strong>brevissimus</strong></span> <span class='ocrx_word' id='word_1_260' title='bbox 946 3580 1045 3644; x_wconf 91' lang='lat' dir='ltr'><strong>Almo</strong></span> 
     </span>
     <span class='ocr_line' id='line_1_40' title="bbox 110 3662 1057 3748; baseline -0.004 -16"><span class='ocrx_word' id='word_1_261' title='bbox 110 3682 162 3733; x_wconf 78' lang='lat' dir='ltr'><strong>tto</strong></span> <span class='ocrx_word' id='word_1_262' title='bbox 178 3663 308 3746; x_wconf 85' lang='lat' dir='ltr'><strong>Narque</strong></span> <span class='ocrx_word' id='word_1_263' title='bbox 326 3662 398 3728; x_wconf 88' lang='lat' dir='ltr'><strong>tulit</strong></span> <span class='ocrx_word' id='word_1_264' title='bbox 414 3685 565 3748; x_wconf 89' lang='lat' dir='ltr'><strong>praeceps</strong></span> <span class='ocrx_word' id='word_1_265' title='bbox 583 3673 615 3727; x_wconf 91' lang='lat' dir='ltr'><strong>et</strong></span> <span class='ocrx_word' id='word_1_266' title='bbox 632 3684 750 3748; x_wconf 90' lang='lat' dir='ltr'><strong>opacae</strong></span> <span class='ocrx_word' id='word_1_267' title='bbox 767 3663 919 3728; x_wconf 86' lang='lat' dir='ltr'><strong>Farfarus</strong></span> <span class='ocrx_word' id='word_1_268' title='bbox 940 3664 1057 3740; x_wconf 88' lang='lat' dir='ltr'><strong>undae,</strong></span> 
     </span>
     <span class='ocr_line' id='line_1_41' title="bbox 179 3746 1110 3834; baseline 0.005 -22"><span class='ocrx_word' id='word_1_269' title='bbox 179 3769 324 3832; x_wconf 89' lang='lat' dir='ltr'><strong>quaeque</strong></span> <span class='ocrx_word' id='word_1_270' title='bbox 342 3749 448 3814; x_wconf 90' lang='lat' dir='ltr'><strong>colunt</strong></span> <span class='ocrx_word' id='word_1_271' title='bbox 467 3746 635 3833; x_wconf 87' lang='lat' dir='ltr'><strong>Scythicae</strong></span> <span class='ocrx_word' id='word_1_272' title='bbox 646 3761 795 3834; x_wconf 82' lang='lat' dir='ltr'><strong>stagnum</strong></span> <span class='ocrx_word' id='word_1_273' title='bbox 803 3751 963 3815; x_wconf 89' lang='lat' dir='ltr'><strong>nemorale</strong></span> <span class='ocrx_word' id='word_1_274' title='bbox 981 3749 1110 3817; x_wconf 87' lang='lat' dir='ltr'><strong>Dianae</strong></span> 
     </span>
     <span class='ocr_line' id='line_1_42' title="bbox 178 3832 1068 3918; baseline 0.001 -19"><span class='ocrx_word' id='word_1_275' title='bbox 178 3832 390 3918; x_wconf 85' lang='lat' dir='ltr'><strong>finitimosque</strong></span> <span class='ocrx_word' id='word_1_276' title='bbox 407 3835 505 3898; x_wconf 88' lang='lat' dir='ltr'><strong>lacus.</strong></span> <span class='ocrx_word' id='word_1_277' title='bbox 549 3832 662 3918; x_wconf 89' lang='lat' dir='ltr'><strong>spretis</strong></span> <span class='ocrx_word' id='word_1_278' title='bbox 680 3844 787 3898; x_wconf 86' lang='lat' dir='ltr'><strong>tamen</strong></span> <span class='ocrx_word' id='word_1_279' title='bbox 804 3835 950 3900; x_wconf 91' lang='lat' dir='ltr'><strong>omnibus</strong></span> <span class='ocrx_word' id='word_1_280' title='bbox 968 3859 1068 3900; x_wconf 92' lang='lat' dir='ltr'><strong>unam</strong></span> 
     </span>
     <span class='ocr_line' id='line_1_43' title="bbox 26 3917 1081 4005; baseline 0.005 -23"><span class='ocrx_word' id='word_1_281' title='bbox 26 3968 33 3983; x_wconf 89' lang='grc'><strong>.,</strong></span> <span class='ocrx_word' id='word_1_282' title='bbox 179 3917 232 3983; x_wconf 90' lang='lat' dir='ltr'><strong>ille</strong></span> <span class='ocrx_word' id='word_1_283' title='bbox 250 3919 324 3983; x_wconf 90' lang='lat' dir='ltr'><strong>colit</strong></span> <span class='ocrx_word' id='word_1_284' title='bbox 340 3919 515 4005; x_wconf 85' lang='lat' dir='ltr'><strong>nymphen,</strong></span> <span class='ocrx_word' id='word_1_285' title='bbox 534 3941 630 4002; x_wconf 91' lang='lat' dir='ltr'><strong>quam</strong></span> <span class='ocrx_word' id='word_1_286' title='bbox 648 3918 809 4003; x_wconf 87' lang='lat' dir='ltr'><strong>quondam</strong></span> <span class='ocrx_word' id='word_1_287' title='bbox 825 3918 859 3983; x_wconf 93' lang='lat' dir='ltr'><strong>in</strong></span> <span class='ocrx_word' id='word_1_288' title='bbox 876 3921 956 3986; x_wconf 92' lang='lat' dir='ltr'><strong>colle</strong></span> <span class='ocrx_word' id='word_1_289' title='bbox 973 3921 1081 3988; x_wconf 87' lang='lat' dir='ltr'><strong>Palati</strong></span> 
     </span>
     <span class='ocr_line' id='line_1_44' title="bbox 26 3998 830 4208; baseline 0.002 -141"><span class='ocrx_word' id='word_1_290' title='bbox 26 3998 80 4208; x_wconf 56' lang='grc' dir='ltr'>ι</span> <span class='ocrx_word' id='word_1_291' title='bbox 180 4002 296 4069; x_wconf 89' lang='lat' dir='ltr'><strong>dicitur</strong></span> <span class='ocrx_word' id='word_1_292' title='bbox 311 4004 403 4068; x_wconf 90' lang='lat' dir='ltr'><strong>Ionio</strong></span> <span class='ocrx_word' id='word_1_293' title='bbox 420 4004 580 4090; x_wconf 90' lang='lat' dir='ltr'><strong>peperisse</strong></span> <span class='ocrx_word' id='word_1_294' title='bbox 598 4003 725 4069; x_wconf 90' lang='lat' dir='ltr'><strong>Venilia</strong></span> <span class='ocrx_word' id='word_1_295' title='bbox 742 4005 830 4069; x_wconf 90' lang='lat' dir='ltr'><strong>Iano.</strong></span> 
     </span>
    </p>
   </div>
   <div class='ocr_carea' id='block_1_3' title="bbox 80 4089 952 4193">
    <p class='ocr_par' dir='ltr' id='par_1_3' title="bbox 80 4089 952 4193">
     <span class='ocr_line' id='line_1_45' title="bbox 80 4089 952 4193; baseline -0.006 -32"><span class='ocrx_word' id='word_1_296' title='bbox 80 4184 85 4193; x_wconf 35' lang='grc' dir='ltr'>Ι</span> <span class='ocrx_word' id='word_1_297' title='bbox 112 4108 162 4161; x_wconf 71' lang='lat'><strong>885</strong></span> <span class='ocrx_word' id='word_1_298' title='bbox 179 4089 259 4157; x_wconf 82' lang='lat' dir='ltr'><strong>baec</strong></span> <span class='ocrx_word' id='word_1_299' title='bbox 275 4089 331 4156; x_wconf 94' lang='lat' dir='ltr'><strong>ubi</strong></span> <span class='ocrx_word' id='word_1_300' title='bbox 348 4089 509 4157; x_wconf 89' lang='lat' dir='ltr'><strong>nubilibus</strong></span> <span class='ocrx_word' id='word_1_301' title='bbox 527 4089 665 4177; x_wconf 92' lang='lat' dir='ltr'><strong>primum</strong></span> <span class='ocrx_word' id='word_1_302' title='bbox 681 4089 833 4156; x_wconf 87' lang='lat' dir='ltr'><strong>maturuit</strong></span> <span class='ocrx_word' id='word_1_303' title='bbox 851 4090 952 4170; x_wconf 85' lang='lat' dir='ltr'><strong>annis,</strong></span> 
     </span>
    </p>
   </div>
   <div class='ocr_carea' id='block_1_4' title="bbox 0 0 1296 4478">
    <p class='ocr_par' dir='ltr' id='par_1_4' title="bbox 0 0 1296 4478">
     <span class='ocr_line' id='line_1_46' title="bbox 0 0 1296 4478; baseline 0 0"><span class='ocrx_word' id='word_1_304' title='bbox 0 0 1296 4478; x_wconf 95' lang='lat' dir='ltr'><strong> </strong></span> 
     </span>
    </p>
   </div>
  </div>
 </body>
</html>
