2574 4478
263 228 629 287 METAMORPHOSEON
645 228 718 285 mn.
737 229 788 286 xr.
806 229 950 287 404-491.
1055 212 1114 282 191

97 354 261 438 multaque
277 377 327 418 res
352 354 439 418 ondit
454 354 600 418 timidum
618 354 751 418 solantia
768 366 894 438 pectus:

97 465 162 507 non
180 451 285 505 tamen
302 439 312 503 i
336 440 419 505 circo
436 461 565 504 causam
582 439 704 524 probat.
748 439 868 504 addidit
885 439 945 503 illis

97 527 159 593 hoo
176 546 303 608 quoque
319 523 470 601 lenimen,
487 545 551 607 quo
569 525 636 589 solo
653 524 740 589 flexit
757 535 928 589 amantem:
1133 544 1184 594 450

98 613 209 696 ‘longa
226 610 353 692 quidem
371 621 418 675 est
434 609 526 674 nobis
543 610 644 674 omnis
661 632 759 674 mora.
804 610 858 673 sed
876 609 934 673 tibi
950 609 1019 674 iuro

96 720 156 784 per
172 695 290 781 patrios
307 693 412 780 ignes,
430 696 457 760 si
474 717 525 760 me
541 695 636 759 modo
653 694 720 759 fata
737 695 904 771 remittent,

97 792 173 846 ante
189 803 404 857 reversurum,
423 802 520 864 quam
536 781 613 845 luna
629 779 678 844 bis
695 781 825 865 impleat
842 780 970 845 orbem'

95 866 146 932 his
165 866 220 930 ubi
236 865 398 950 promissis
415 888 487 951 spes
505 876 553 930 est
570 866 697 930 admota
713 888 868 941 recursus,

95 951 240 1038 protinus
258 950 404 1015 eductam
420 950 586 1015 navalibus
604 972 740 1035 aequore
757 951 869 1036 tingui,

96 1037 262 1122 aptarique
280 1036 344 1099 suis
362 1035 472 1120 pinum
488 1035 577 1101 iubet
593 1036 804 1101 armamentis.

95 1144 162 1205 qua
179 1143 288 1185 rursus
305 1120 388 1197 visa,
407 1120 505 1184 veluti
521 1144 677 1207 praesaga
692 1121 792 1186 futuri

95 1207 219 1271 horruit
235 1206 381 1290 Alcyone
397 1205 605 1290 lacrimasque
623 1207 725 1271 emisit
742 1208 869 1272 obortas

97 1293 326 1377 amplexusque
345 1290 445 1367 dedit,
462 1291 606 1375 tristique
624 1291 798 1357 miserrima
814 1293 942 1357 tandem

96 1399 152 1442 ore
170 1377 269 1441 ‘vale’
287 1375 379 1451 dixit,
398 1375 597 1461 collapsaque
615 1398 745 1462 corpore
763 1387 828 1442 toto
846 1391 902 1441 est.

96 1473 147 1528 ast
163 1462 307 1537 iuvenes,
324 1472 495 1544 quaerente
513 1483 617 1527 moras
636 1459 758 1548 Ceyce,
774 1463 930 1528 reducunt

95 1547 259 1612 ordinibus
277 1547 410 1632 geminis
428 1547 469 1611 ad
485 1547 580 1612 fortia
596 1558 725 1632 pectora
742 1570 844 1613 remos

96 1632 285 1716 aequalique
301 1631 367 1697 ictu
383 1631 530 1697 scindunt
546 1633 637 1698 freta.
681 1633 806 1698 sustulit
822 1633 877 1698 illa

97 1728 241 1782 umentes
259 1718 381 1794 oculos,
400 1728 597 1801 stantemque
614 1718 647 1782 in
664 1741 772 1804 puppe
788 1741 922 1784 recurva

95 1824 314 1885 concussaque
330 1825 428 1866 manu
445 1802 573 1868 dantem
590 1802 650 1868 sibi
667 1803 760 1904 signa
776 1805 924 1869 maritum

120 1889 200 1953 rima
216 1887 314 1963 videt,
332 1888 497 1970 redditque
514 1898 613 1952 notas.
656 1889 713 1953 ubr
730 1900 813 1955 terra
829 1888 957 1955 recessit

95 1912 238 2060 lbngius,
256 1983 351 2055 atque
368 1972 452 2037 oculi
468 1984 629 2057 nequeunt
647 1995 836 2060 cognoscere
854 1974 971 2051 vultus,

96 2061 174 2124 dum
190 2059 279 2136 lieet,
296 2057 471 2143 insequitur
487 2057 662 2144 fugientem
678 2059 797 2125 lumine
815 2060 935 2145 pinum.

95 2144 176 2210 haec
193 2165 320 2227 quoque
336 2155 373 2207 ut
389 2143 475 2208 haud
491 2153 628 2228 poterat,
646 2145 747 2228 spatio
764 2145 920 2221 submota,
939 2143 1049 2221 videri,

95 2231 168 2294 vela
185 2240 292 2294 tamen
309 2239 429 2314 spectat
446 2250 570 2294 summo
587 2228 742 2295 fluitantia
758 2231 851 2294 malo.

95 2326 133 2381 ut
149 2337 210 2379 nec
227 2316 298 2380 vela
314 2315 415 2392 videt,
432 2336 569 2380 vacuum
585 2313 665 2464 petit
680 2315 774 2379 anxia
790 2315 908 2380 lectum

96 2422 194 2484 seque
212 2410 281 2464 toro
298 2400 396 2486 ponit
439 2410 570 2465 renovat
598 2410 747 2484 cetusque
764 2400 915 2484 locusque

95 2487 263 2572 Alcyonae
279 2484 425 2550 lacrimas
442 2496 487 2562 et,
505 2507 588 2569 quae
605 2508 692 2571 pars,
710 2485 871 2563 admonet,
890 2484 982 2551 absit.

95 2572 240 2658 portibus
258 2571 413 2648 exierant,
431 2581 464 2636 et
479 2580 620 2636 moverat
637 2593 715 2635 aura
731 2571 892 2636 rudentes:

96 2657 233 2722 obvertit
248 2655 339 2721 lateri
356 2655 528 2741 pendentes
545 2655 653 2720 navita
668 2678 772 2721 remos

97 2762 278 2825 cornuaque
294 2742 329 2805 in
346 2764 470 2806 summa
486 2742 570 2806 locat
587 2741 698 2806 arbore
715 2752 844 2825 totaque
861 2742 945 2807 malo

97 2827 230 2892 carbasa
247 2826 388 2903 deducit,
406 2827 631 2910 venientesque
648 2826 762 2912 accipit
779 2850 881 2892 auras.

96 2924 153 2978 aut
170 2913 288 2989 minus,
306 2924 362 2977 aut
379 2923 462 2977 certe
478 2912 619 2977 medium
635 2908 700 2976 non
716 2912 851 2998 amplius
869 2934 987 2996 aequor

95 3021 204 3083 puppe
221 2998 398 3074 secabatur,
415 2997 573 3083 longeque
590 3009 658 3062 erat
673 3008 809 3081 utraque
825 2998 928 3074 tellus,

97 3107 171 3148 cum
188 3106 275 3150 mare
293 3084 353 3148 sub
370 3093 495 3148 noctem
512 3082 640 3147 tumidis
658 3083 816 3148 albescere
834 3083 938 3168 coepit

96 3168 259 3246 fluctibus,
278 3180 309 3234 et
327 3191 439 3255 praece
464 3191 478 3232 s
496 3168 615 3253 spirare
632 3168 787 3234 valentius
804 3190 910 3233 eurus.

98 3254 210 3319 ‘ardua
227 3254 413 3319 iamdudum
431 3192 585 3319 dimittite
603 3254 740 3329 comua’
757 3264 860 3319 rector

97 3341 212 3404 clamat
229 3348 276 3404 ‘et
293 3339 447 3404 antemnis
464 3349 566 3403 totum
583 3338 758 3404 subnectite
775 3338 896 3404 velum!
901 3338 910 3368 '

96 3425 148 3491 hic
166 3425 268 3490 iubet:
286 3425 462 3510 impediunt
479 3424 630 3489 adversae
646 3424 733 3489 iussa
748 3427 914 3526 procellae,

96 3533 156 3575 nec
173 3509 247 3574 sinit
264 3510 367 3575 audiri
384 3531 495 3575 vocem
511 3510 620 3594 fragor
636 3531 781 3593 aequons
798 3510 906 3574 ullam.

97 3606 208 3681 sponte
225 3606 331 3660 tamen
349 3606 518 3681 properant
535 3595 588 3660 alii
605 3595 781 3661 subducere
797 3617 911 3672 remos,

96 3703 170 3765 pars
187 3681 310 3746 munire
327 3681 425 3757 latus,
442 3703 516 3766 pars
534 3680 634 3762 ventis
652 3681 723 3746 vela
739 3703 866 3766 negare.

97 3766 197 3850 egerit
214 3766 265 3832 hic
281 3766 395 3832 fluctus
413 3787 594 3850 aequorque
610 3765 749 3831 refundit
765 3765 799 3830 in
816 3787 948 3848 aequor:

96 3850 147 3915 hic
164 3851 248 3936 rapit
265 3863 437 3918 antemnas.
482 3873 563 3935 quae
581 3851 657 3916 dum
674 3852 741 3917 sine
757 3851 829 3936 lege
846 3862 1009 3935 geruntur,

97 3959 209 4021 aspera
227 3937 338 4002 crescit
355 3937 469 4015 hiems,
488 3936 635 4021 omnique
653 3961 671 4002 e
688 3947 777 4022 parte
795 3937 915 4002 feroces

97 4021 180 4088 bella
196 4033 312 4108 gerunt
328 4023 415 4091 venti
431 4023 575 4108 fretaque
592 4022 789 4109 indignantia
806 4022 948 4089 miscent.
