2574 4478
208 307 575 367 METAMORPHOSEON
590 310 664 365 LIB.
682 309 761 367 XIV.
779 308 925 366 aaa-379.
1015 292 1080 360 243

56 434 238 522 praeposito
256 434 377 500 cunctis
395 434 551 499 Laurenti
568 434 684 498 tradita
700 433 779 499 Pico
797 444 858 498 est:

56 544 129 586 rara
147 520 274 604 quidem
292 520 388 596 facie,
407 520 462 586 sed
480 519 580 584 rarior
597 531 664 584 arte
682 518 824 594 canendi,

57 607 143 671 unde
162 604 289 671 Canens
308 605 392 670 dicta
410 617 467 670 est.
511 605 605 669 silvas
624 616 655 670 et
673 627 750 669 saxa
766 626 893 669 movere

57 702 89 756 et
107 692 246 756 mulcere
263 691 347 755 feras
365 701 396 755 et
413 690 543 755 flumina
559 691 656 776 longa
672 690 792 755 morari

57 798 112 842 ore
130 797 188 840 suo
206 777 413 859 volucresque
431 799 530 861 vagas
547 777 681 841 retinere
699 775 828 842 solebat.

57 884 141 946 quae
159 863 235 926 dum
253 860 390 926 feminea
408 862 588 926 modulatur
605 861 745 926 carmina
762 882 851 937 voce,

57 948 178 1013 exierat
195 957 278 1012 tecto
296 946 474 1011 Laurentes
491 947 589 1011 Picus
607 946 640 1010 in
658 968 762 1031 agros,

56 1032 223 1118 indigenas
240 1032 361 1096 fixurus
380 1054 486 1117 apros,
505 1043 692 1115 tentumque
709 1032 874 1116 premebat

58 1118 139 1183 acris
158 1117 232 1200 equi
249 1119 403 1201 laevaque
421 1117 546 1183 hastilia
585 1117 639 1181 ina
655 1117 788 1194 ferebat,

57 1204 245 1292 poeniceam
268 1203 356 1266 fulvo
375 1202 574 1286 chlamydem
592 1213 769 1267 contractus
787 1203 828 1266 ab
847 1223 934 1267 auro.

58 1299 189 1353 venerat
206 1290 238 1352 in
256 1287 351 1352 silvas
369 1299 402 1352 et
418 1287 484 1351 filia
502 1286 586 1353 Solis
604 1288 741 1364 easdem,

58 1384 157 1456 utque
174 1394 274 1438 novas
291 1374 412 1457 legeret
428 1373 572 1437 fecundis
591 1372 723 1437 collibus
741 1372 865 1449 herbas,

58 1459 186 1524 nomine
204 1458 289 1523 diota
306 1479 364 1522 suo
383 1455 516 1522 Circaea
532 1457 702 1541 reliquerat
720 1481 805 1522 arva.

58 1566 141 1627 quae
159 1544 252 1608 simul
271 1564 308 1608 ac
325 1544 473 1608 iuvenem
490 1543 634 1629 virgultis
652 1544 760 1608 abdita
777 1543 865 1619 vidit,

59 1628 222 1714 obstipuit.
266 1629 407 1694 cecidere
423 1652 535 1706 manu,
553 1650 631 1712 quas
649 1631 779 1714 legerat,
787 1628 917 1695 herbaet
954 1695 957 1702 ,

58 1715 249 1798 flammaque
267 1736 324 1798 per
341 1725 422 1778 totas
440 1714 508 1779 visa
526 1727 574 1779 est
591 1737 694 1780 errare
711 1714 877 1779 medullas.

59 1811 94 1864 ut
111 1800 250 1885 primum
268 1799 373 1863 valido
391 1810 528 1864 mentem
547 1800 674 1885 collegit
692 1800 732 1864 ab
751 1812 851 1876 aestu,

59 1885 137 1970 quid
155 1896 299 1969 cuperet,
317 1885 442 1948 fassura
459 1885 529 1949 fuit.
573 1909 613 1950 ne
631 1897 737 1970 posset.
755 1884 851 1962 adire,

59 1992 171 2035 cursus
189 1970 263 2053 equi
280 1969 356 2034 fecit
373 1969 646 2054 circumfususque
664 1971 799 2035 satelles.

59 2055 194 2121 “‘non'”
213 2055 257 2119 ait
275 2055 459 2140 “‘effugies,
477 2067 571 2120 vento
589 2056 712 2140 rapiare
728 2055 845 2132 licebit,

59 2140 198 2206 simodo
216 2163 267 2206 me
283 2141 374 2219 novi,
392 2141 418 2204 si
436 2161 499 2204 non
517 2141 645 2205 evanuit
662 2140 764 2204 omnis

58 2227 230 2292 herbarum
248 2225 361 2303 virtus,
389 2229 415 2292 si
433 2250 498 2292 non
524 2247 596 2290 mea
614 2226 753 2291 carmina
769 2225 924 2290 fallunt.'”

59 2312 153 2388 dixit,
171 2323 204 2376 et
221 2312 361 2397 effigiem
378 2312 466 2375 nullo
484 2333 557 2375 cum
575 2333 704 2396 corpore
722 2311 794 2375 falsi

60 2397 153 2462 finxit
170 2397 253 2483 apri,
271 2408 458 2481 praeterque
477 2397 584 2461 oculos
602 2409 814 2461 transcurrere
831 2396 915 2481 regis

56 2483 150 2547 iussit
167 2496 198 2547 et
215 2484 248 2546 in
266 2483 400 2546 densum
418 2481 561 2546 trabibus
578 2505 690 2546 nemus
708 2482 754 2546 ire
771 2482 882 2558 videri,

80 2567 195 2632 lurima
212 2588 277 2651 qua
294 2568 375 2632 silva
393 2577 441 2632 est
458 2578 490 2632 et
507 2589 589 2650 equo
606 2567 676 2631 loca
693 2567 802 2652 pervia
819 2589 883 2631 non
901 2577 983 2631 sunt.

56 2592 146 2717 baud
163 2675 265 2717 mora:
284 2653 433 2717 continuo
451 2653 588 2738 praedae
606 2653 687 2738 petit
702 2652 820 2717 inscius
838 2651 985 2718 umbram

57 2739 157 2803 Picus
175 2739 314 2822 equique
332 2738 414 2803 celer
431 2738 611 2822 spumantia
629 2749 719 2823 terga
736 2737 893 2821 relinquit,

57 2844 211 2909 spemque
230 2845 365 2907 sequens
384 2846 499 2887 vanam
518 2824 597 2888 silva
614 2823 711 2909 pedes
730 2834 813 2888 errat
829 2824 863 2888 in
880 2823 953 2889 alta.

57 2910 196 2994 concipit
212 2909 267 2973 illa
284 2931 395 2993 preces
413 2919 445 2973 et
462 2909 560 2974 verba
577 2909 738 2993 precantia
756 2908 831 2973 dicit

55 2996 248 3080 ignotosque
266 2995 342 3058 deos
360 2994 469 3079 ignoto
488 2995 625 3058 carmine
643 2995 763 3071 adorat,

56 3102 123 3164 quo
141 3080 220 3144 solet
237 3091 268 3144 et
285 3079 398 3143 niveae
415 3080 539 3143 vultum
557 3079 750 3144 confundere
767 3079 882 3145 Lunae

57 3177 91 3230 et
108 3164 211 3251 patrio
230 3164 326 3250 capiti
344 3164 468 3228 bibulas
487 3164 654 3230 subtexere
671 3165 783 3229 nubes.

56 3262 128 3314 tum
146 3270 273 3333 quoque
292 3260 416 3314 cantato
435 3249 584 3314 densetur
601 3250 739 3315 carmine
757 3251 890 3329 caelum,

57 3348 90 3402 et
107 3335 241 3399 nebulas
260 3337 364 3399 exalat
382 3335 512 3412 humus,
531 3335 695 3418 caecisque
713 3346 870 3421 vagantur
1100 3355 1150 3404 370

56 3420 211 3485 limitibus
229 3420 374 3496 comites,
392 3431 424 3484 et
441 3420 531 3485 abest
549 3421 692 3485 custodia
709 3423 787 3506 regi.

55 3519 153 3570 nacta
170 3506 275 3569 locum
292 3516 481 3590 tempusque
500 3512 594 3590 “‘per
611 3528 629 3569 o
648 3517 702 3572 tua
720 3506 880 3582 lumina,'’'
900 3506 978 3571 dixit

56 3599 178 3674 “‘quae
195 3613 267 3655 mea
285 3602 445 3676 oeperunt,
463 3613 583 3676 perque
601 3591 693 3670 hano,
710 3591 930 3679 pulcherrime,
949 3592 1094 3670 formam,

56 3699 141 3760 quae
160 3676 251 3754 facit,
270 3687 306 3739 ut
323 3676 456 3760 supplex
475 3676 533 3740 tibi
551 3677 609 3741 sim
628 3678 701 3755 dea,
721 3678 848 3743 consule
865 3678 979 3742 nostris

54 3761 186 3849 ignibus
205 3776 236 3826 et
254 3782 413 3836 socerum,
431 3761 486 3844 qui
503 3763 648 3846 pervidet
665 3765 784 3839 omnia,
802 3762 911 3829 Solem
1099 3783 1149 3832 375

56 3847 180 3932 accipe,
199 3869 258 3910 nec
276 3846 374 3910 durus
392 3845 542 3911 Titanida
559 3848 685 3933 despice
704 3846 859 3914 Circen.”’

57 3934 191 3998 dixerat.
226 3932 279 3996 ille
297 3931 387 3996 ferox
404 3931 569 4016 ipsamque
587 3955 759 4017 precesque
776 3933 935 4017 relinquit,

56 4031 90 4083 et
108 4025 363 4101 “‘quaecumque
382 4017 456 4094 es,”'
476 4017 519 4080 ait
536 4023 635 4083 “‘non
653 4041 723 4082 sum
740 4030 829 4085 tuus:
848 4021 946 4084 altera
964 4031 1092 4107 captum

55 4127 109 4170 me
127 4113 228 4181 tenet,
247 4113 279 4169 et
295 4112 402 4170 teneat
418 4125 476 4189 per
492 4103 633 4190 longum,
652 4126 843 4192 comprecor,
862 4128 986 4171 aerum.

860 4205 910 4260 16·
