2574 4478
237 236 301 301 274
337 249 371 307 Ρ
385 249 510 309 OVIDII
521 247 604 305 ΝΛΞ
617 247 869 304 METAMORPE
881 247 955 303 LIB.
966 246 1033 305 XV.
1044 244 1193 304 ess-m

171 393 220 443 845
240 372 387 439 Caesaris
404 373 519 458 eripuit
537 373 686 438 membris
703 393 807 456 neque
824 373 857 436 in
874 377 950 437 ιιόιιι
966 372 1048 435 solvi

237 483 332 545 peasa
348 472 507 525 recentem
525 459 663 522 animam
680 459 868 523 caelestibus
886 458 992 521 intulit
1008 457 1113 522 astris.

238 547 378 646 dumque
396 545 482 620 tulit,
500 544 606 609 lumen
621 566 734 629 capere
751 557 846 627 atque
863 544 1028 629 ignescere
1045 543 1146 607 sensit

237 631 403 713 emisitque
420 630 500 693 sinu.
543 631 620 694 luna
636 631 723 695 volat
740 630 834 694 altius
850 629 916 706 illa,

237 715 553 817 flammiferumque-t
540 715 667 779 trahens
685 715 825 801 spatioso
841 715 941 780 limite
957 714 1079 779 crinem

170 820 221 871 ιιι
237 801 328 866 stella
345 801 455 878 micat;
472 801 602 884 natique
620 801 730 866 videns
748 801 829 866 bene
846 801 931 865 facta
948 800 1068 865 fatetur

238 909 307 953 esse
325 887 390 950 suis
408 887 527 950 maiora
545 899 577 951 et
594 886 677 950 vinci
668 886 815 971 gaudet
832 887 873 950 ab
891 887 954 950 illo.

237 972 290 1037 hic
307 995 366 1036 sua
381 972 534 1057 praeferri
552 993 745 1054 quamquam
763 982 849 1036 vetat
866 983 938 1036 acta
954 972 1106 1071 paternis,

237 1057 338 1122 libera
354 1057 441 1121 fama
458 1072 564 1121 tamen
582 1059 740 1157 nullisque
758 1056 922 1122 obnoxia
912 1057 1006 1121 russis

237 1143 372 1207 invitum
389 1142 527 1244 praefert
544 1165 671 1226 unaque
688 1144 722 1206 in
739 1154 827 1228 parte
844 1153 1011 1227 repugnat.

171 1246 220 1295 855
238 1230 284 1294 sic
301 1252 409 1329 magqr
400 1229 512 1292 cedit
528 1228 627 1293 titulis
627 1228 896 1328 Agamemnonis
913 1228 1049 1305 Atreus3

238 1314 394 1399 Aegea
369 1336 415 1377 sie
432 1313 591 1389 Theseus,
609 1313 656 1378 sic
672 1314 771 1379 Pelea
788 1313 863 1378 vicit
881 1313 1033 1378 Achilles

239 1401 390 1482 denique,
408 1411 443 1463 ut
460 1362 639 1499 exemplis
630 1421 770 1484 1psosae
733 1398 942 1481 aequantibus
960 1409 1041 1476 utar,

238 1486 284 1549 aie
302 1500 334 1550 et
352 1482 510 1549 Saturnus
528 1485 629 1548 minor
647 1497 695 1548 est
711 1484 798 1549 Iove
841 1484 985 1569 Iuppiter
1002 1507 1093 1549 arces

238 1581 393 1654 temperat
381 1570 614 1634 tactheriaset
633 1570 742 1633 mundi
760 1580 888 1655 regnat
875 1569 1040 1634 triformis.

171 1673 221 1722 860
238 1668 322 1720 terra
340 1655 399 1718 sub
417 1655 547 1739 August
535 1666 567 1719 to
585 1667 641 1719 est
684 1666 775 1740 pater
792 1666 839 1719 est
856 1667 888 1719 ct
905 1666 1008 1720 rector
1024 1666 1171 1756 uterque.

239 1742 285 1816 di,
303 1762 424 1825 precor,
443 1740 573 1804 Aeneae
592 1741 736 1817 comites,
754 1740 870 1824 quibus
888 1740 1022 1805 ensiset
1038 1741 1124 1826 ignis

240 1836 401 1890 cesserrmt
406 1825 530 1926 ,dique
548 1826 724 1910 IndigeteS,
742 1826 929 1911 genitorque
947 1794 1083 1906 Quirine

238 1910 353 1988 Urbis,
371 1923 403 1975 et
419 1911 528 1975 invicti
545 1912 632 1996 genit
634 1933 669 1975 or
620 1909 830 1976 tGradive
849 1910 989 1991 Quirini,

239 1998 402 2080 Vestaque
421 1993 622 2061 Caesareos
613 2009 695 2061 mter
713 2009 835 2061 sacrata
852 1996 1002 2072 Penates,

171 2093 272 2149 865et
290 2105 362 2146 cum
381 2079 606 2157 Caesaream,
624 2082 755 2146 Phoebe
773 2082 959 2158 domestice,
977 2083 1089 2160 Vesta,

240 2168 357 2251 quique
375 2178 463 2232 tenes
481 2168 525 2231 alt
512 2177 563 2231 tus
580 2167 734 2252 Tarpeias
752 2168 895 2267 Iuppiter
913 2189 1012 2245 arceS,

240 2274 382 2337 quosque
400 2252 477 2316 alios
496 2253 559 2316 vati
578 2252 626 2315 fas
645 2253 852 2337 appellare
821 2274 973 2338 prumque
992 2264 1054 2317 est:

242 2339 332 2401 tarda
350 2338 388 2401 sit
405 2338 459 2401 illa
478 2338 594 2402 diest
563 2350 594 2402 et
611 2349 717 2402 nostro
736 2339 834 2402 serior
851 2360 940 2414 aero,

242 2446 306 2507 qua
324 2432 419 2508 eaput
436 2423 636 2572 Anqustum,
654 2445 749 2506 quem
767 2434 921 2508 temperat
927 2471 936 2499 ,
909 2424 1029 2488 torbe
1048 2424 1158 2489 relicto

173 2529 223 2579 8⁷0
242 2509 372 2573 accedat
390 2509 476 2574 caelo
509 2516 663 2591 aveatque
680 2510 882 2593 precantibus
900 2509 1027 2574 absensl

282 2680 415 2763 Iamque
434 2701 514 2763 opus
532 2679 638 2764 exegi,
657 2680 743 2762 quod
760 2702 818 2744 nee
836 2680 949 2745 Iovis
939 2703 987 2744 rra
1003 2703 1064 2744 nec
1081 2680 1165 2766 ignis

240 2787 299 2830 nec
316 2766 429 2851 poterit
448 2765 566 2829 ferrum
584 2787 642 2830 nee
660 2766 742 2830 edax
760 2766 885 2830 abolere
902 2776 1053 2830 vetustas.

241 2873 313 2915 cum
332 2851 431 2926 volet,
449 2850 503 2913 illa
520 2850 602 2926 dies,
619 2873 702 2950 quae
719 2850 811 2913 nil
781 2851 840 2913 msi
857 2850 997 2950 eorporis
1014 2850 1110 2914 huius

240 2936 290 2999 ius
307 2935 418 3011 habet,
392 2935 545 2999 tineerti
564 2936 699 3036 spatium
718 2935 795 2999 milri
812 2935 901 2999 finiat
918 2935 1003 3001 aevi.

173 3042 203 3091 ιι
207 3042 222 3089 5
240 3032 329 3106 parte
347 3032 453 3085 tamen
470 3020 598 3085 meliore
616 3021 678 3085 mei
691 3044 791 3120 super
808 3021 872 3084 alta
888 3021 1034 3106 perennia

240 3119 325 3170 astra
341 3106 440 3181 ferar,
458 3127 637 3189 nomenque
656 3106 715 3170 erit
732 3106 899 3170 indelebile
916 3119 1069 3170 nostrum.

240 3212 367 3275 quaque
384 3202 471 3276 patet
489 3191 614 3255 domitis
632 3191 848 3255 Romanat
795 3212 835 3276 po
836 3191 934 3256 tentia
950 3191 1052 3266 terrie,

240 3299 294 3340 ore
312 3276 401 3359 legar
441 3277 543 3362 opuli,
561 3299 681 3377 perque
699 3277 805 3340 omnia
822 3278 947 3340 saecula
964 3276 1061 3353 lama,

240 3385 266 3425 ει
258 3362 361 3446 quid
342 3300 543 3427 e'habent
514 3362 580 3426 veri
598 3374 705 3426 vatum
724 3362 903 3446 praesagia,
921 3361 1037 3425 vivam.
