2574 4478
237 210 604 268 METAMORPHOSEON
621 210 693 265 LIB.
712 211 792 268 VIII.
813 210 955 266 715-802.
1049 196 1109 262 143

86 336 271 411 Thessalus,
279 335 376 418 inque
394 335 496 398 virum
515 334 668 400 convertit
686 334 726 398 ab
744 336 856 399 arbore
873 333 992 399 ferrum

87 423 317 504 detruncatque
336 431 444 505 caput;
462 420 658 505 repetitaque
676 419 791 485 robora
808 419 920 496 caedit,
1130 439 1179 489 760

86 507 230 573 redditus
249 505 388 571 emedio
407 528 502 570 sonus
521 516 569 570 est
586 527 659 569 cum
676 505 789 569 robore
807 504 891 568 talis:

87 592 255 677 “nympha
271 591 331 655 sub
348 591 408 655 hoc
426 613 485 676 ego
504 613 573 655 sum
593 587 702 655 Cereri
719 590 898 676 gratissima
914 591 1016 676 ligno:

87 700 171 762 quae
189 677 247 741 tibi
263 677 420 741 factorum
437 698 555 761 poenas
573 675 690 740 instare
708 687 834 739 tuorum

87 763 243 828 vaticinor
259 762 410 837 moriens,
428 762 528 826 nostri
547 762 663 826 solacia
679 760 763 825 leti.’'

87 847 287 934 persequitur
304 848 406 911 scelus
423 848 476 911 ille
494 870 601 911 suum:
619 846 838 929 labefactaque
856 846 984 911 tandem
1128 868 1176 918 765

87 933 203 997 ictibus
221 932 393 997 innumeris
412 932 613 1015 adductaque
631 931 760 997 funibus
778 931 872 995 arbor

88 1020 207 1082 corruit
226 1030 257 1083 et
273 1018 405 1081 multam
423 1017 593 1102 prostravit
609 1017 749 1103 pondere
767 1018 888 1081 silvam.

87 1104 238 1168 attonitae
255 1103 404 1186 Dryades
422 1104 537 1167 damno
555 1124 783 1186 nemorumque
801 1125 932 1186 suoque,

86 1211 198 1254 omnes
215 1210 396 1273 germanae,
416 1186 564 1254 Cererem
583 1210 655 1252 cum
673 1189 813 1252 vestibus
832 1188 906 1252 atris

85 1286 263 1338 maerentes
281 1273 400 1337 adeunt
416 1296 615 1358 poenamque
632 1273 872 1358 Erysichthonis
890 1283 990 1340 orant.
1127 1295 1176 1344 770

86 1360 200 1424 adnuit
216 1358 280 1436 his,
298 1358 472 1443 capitisque
490 1359 538 1422 sui
557 1359 769 1443 pulcherrima
785 1371 874 1424 motu

85 1444 246 1523 concussit
262 1444 402 1529 gravidis
420 1456 565 1508 oneratos
583 1445 738 1509 messibus
758 1468 865 1530 agros:

84 1531 277 1612 moliturque
294 1552 456 1614 -genus
474 1552 595 1614 poenae
613 1529 805 1608 miserabile,
824 1531 931 1594 sinon

84 1617 140 1680 ille
158 1615 223 1678 suis
242 1625 323 1679 esset
340 1615 419 1678 nulli
436 1615 623 1679 miserabilis
642 1616 719 1680 actis
736 1652 780 1662 -

83 1700 238 1786 pestifera
255 1701 393 1764 lacerare
410 1700 520 1765 Fame.
564 1722 647 1784 quae
664 1702 812 1784 quatinus
830 1701 890 1787 ipsi
1126 1723 1174 1772 775

83 1808 151 1850 non
169 1785 315 1850 adeunda
334 1785 411 1850 deae
431 1797 478 1851 est
494 1785 613 1869 (neque
627 1787 710 1850 enim
725 1784 937 1870 Cereremque
949 1785 1145 1871 Famemque

82 1872 154 1936 fata
171 1871 254 1934 coire
272 1871 394 1955 sinunt)
411 1871 552 1935 montani
569 1872 707 1937 numinis
725 1895 821 1937 unam

83 1956 202 2021 talibus
221 1967 378 2041 agrestem
396 1956 564 2040 compellat
583 1955 713 2022 Oreada
730 1957 835 2022 dictis:

83 2049 161 2106 “est
177 2042 266 2105 locus
284 2041 432 2105 extremis
451 2039 601 2125 Scythiae
619 2043 760 2128 glacialis
777 2043 811 2106 in
828 2043 901 2119 oris,

83 2128 175 2192 triste
194 2128 309 2203 solum,
328 2126 456 2203 sterilis,
474 2128 541 2190 sine
558 2127 665 2212 fruge,
683 2129 750 2192 sine
768 2127 879 2192 arbore
897 2129 1003 2193 tellus:
1125 2149 1174 2199 780

82 2212 203 2297 Frigus
220 2212 304 2277 iners
322 2211 385 2276 illic
402 2211 546 2276 habitant
562 2212 733 2296 Pallorque
751 2213 946 2296 Tremorque

83 2309 118 2362 et
135 2298 240 2362 ieiuna
256 2298 383 2362 Fames.
427 2321 465 2362 ea
482 2320 516 2362 se
533 2298 567 2360 in
584 2299 767 2383 praecordia
784 2299 899 2362 condat

84 2383 231 2468 sacrilegi
249 2384 414 2459 scelerata,
431 2383 521 2447 iube:
540 2406 598 2447 nec
616 2383 708 2468 copia
723 2406 829 2447 rerum

82 2469 192 2533 vincat
209 2492 293 2546 eam,
312 2480 501 2552 superetque
519 2491 605 2533 meas
623 2469 793 2533 certamine
811 2468 904 2533 vires.

81 2577 165 2619 neve
184 2554 254 2618 viae
272 2554 409 2638 spatium
427 2564 457 2618 te
474 2565 603 2630 terreat,
621 2554 729 2639 accipe
747 2576 867 2630 currus,

83 2641 207 2724 accipe,
226 2661 305 2721 quos
322 2638 419 2702 frenis
438 2639 499 2703 alte
516 2639 692 2716 moderere,
712 2638 886 2704 dracones''

82 2737 118 2790 et
135 2725 231 2790 dedit.
274 2724 328 2788 illa
345 2725 418 2788 dato
437 2724 588 2789 subvecta
604 2748 662 2810 per
679 2731 752 2789 ae'ra
769 2747 863 2789 curru

83 2810 214 2875 devenit
230 2810 263 2872 in
282 2808 460 2894 Scythiam,
478 2811 633 2895 rigidique
650 2811 813 2875 cacumine
831 2811 945 2875 montis

82 2893 269 2979 (Caucason
287 2894 462 2979 appellant)
480 2908 660 2980 serpentum
677 2897 757 2961 oolla
773 2897 904 2962 levavit:

82 2981 322 3065 quaesitamque
339 2981 472 3044 Famem
489 2981 630 3065 lapidoso
648 2982 726 3046 vidit
743 2983 775 3045 in
793 3005 870 3068 agro
1122 3003 1172 3054 roo

81 3066 246 3152 unguibus
265 3077 297 3130 et
314 3089 400 3129 raras
418 3067 585 3130 vellentem
604 3067 749 3132 dentibus
767 3068 891 3133 herbas.

81 3153 184 3216 hirtus
203 3162 270 3215 erat
288 3151 396 3227 erinis,
415 3174 493 3215 cava
511 3152 643 3229 lumina,
662 3154 763 3238 pallor
779 3154 812 3217 in
830 3177 893 3231 ore,

80 3238 173 3302 labra
189 3237 303 3301 incana
320 3238 396 3313 situ,
414 3238 544 3302 scabrae
561 3238 706 3324 rubigine
723 3239 842 3316 fauces,

81 3323 164 3386 dura
181 3322 276 3398 cutis,
295 3344 351 3407 per
368 3344 464 3404 quam
483 3324 617 3408 spectari
634 3325 755 3390 viscera
772 3334 914 3409 possent3

81 3431 155 3473 ossa
172 3407 232 3472 sub
249 3408 387 3471 incurvis
406 3409 556 3473 extabant
573 3409 661 3474 arida
677 3410 803 3486 lumbis,

80 3493 200 3558 ventris
219 3505 285 3557 erat
302 3515 359 3577 pro
376 3505 485 3558 ventre
502 3495 604 3571 locus;
622 3496 758 3579 pendere
776 3507 904 3581 putares

79 3590 192 3664 pectus
211 3590 242 3642 et
260 3602 280 3642 a
297 3579 406 3663 spinae
424 3581 641 3644 tantummodo
659 3592 743 3646 crate
762 3581 870 3645 teneri.

81 3675 213 3729 auxerat
230 3664 378 3729 articulos
396 3665 527 3740 macies,
545 3688 749 3750 genuumque
767 3666 910 3730 tumebat

80 3751 181 3828 orbis,
201 3761 232 3814 et
248 3750 417 3814 immodico
434 3751 603 3835 prodibant
619 3751 729 3816 tubere
746 3751 810 3815 tali.

78 3835 162 3900 hanc
179 3836 290 3921 procul
307 3847 343 3900 ut
359 3836 439 3900 vidit
455 3872 498 3882 —
513 3859 616 3920 neque
635 3838 718 3901 enim
736 3849 784 3901 est
801 3838 951 3903 accedere
968 3838 1057 3903 iuxta
1116 3859 1167 3910 800

79 3944 158 3985 ausa
175 3956 219 3966 -
235 3920 332 3985 refert
348 3921 497 3985 mandata
515 3922 602 3986 deae.
645 3924 839 4008 paulumque
856 3935 988 4002 morata,

77 4027 272 4093 quamquam
290 4007 400 4071 aberat
416 4007 524 4092 longe,
543 4028 736 4093 quamquam
753 4009 847 4074 modo
866 4022 996 4075 venerat
1011 4009 1097 4091 illuc,
