2574 4478
142 279 507 338 METAMORPHOSEON
523 280 597 335 LIB.
615 280 651 336 X.
670 278 814 337 act-354.
927 265 986 332 171

79 418 153 492 egat
170 406 314 470 nocuisse
331 405 388 469 tibi
405 428 463 469 sua
481 405 543 468 tela
560 402 697 490 Cupido,

78 516 121 568 ra,
139 493 288 575 facesque
306 514 379 554 suas
398 515 417 554 a
435 490 563 555 crimine
580 491 718 554 vindicat
734 489 805 554 isto.

95 589 126 643 te
145 577 259 662 Stygio
276 577 465 658 tumidisque
484 576 611 639 adflavit
628 575 780 640 Echidnis

78 687 108 727 rs
126 686 190 726 una
207 684 303 726 soror.
347 662 449 726 scelus
467 671 514 726 est
532 661 634 726 odisse
652 671 828 745 parentem:

78 770 130 811 nor
146 759 193 812 est
210 749 282 812 odio
300 746 400 811 maius
419 747 529 812 scelus.
572 747 712 830 undique
729 746 802 811 lecti
1006 768 1054 818 815

78 835 152 897 »iunt
168 855 327 918 proceres,
346 843 474 915 totoque
492 833 610 897 oriente
627 832 774 896 iuventus

78 920 161 982 clami
179 929 336 983 certamen
354 918 452 981 adest.
496 941 535 982 ex
553 917 698 981 omnibus
716 940 815 981 unum

86 1003 234 1087 Myrrha,
252 1002 367 1067 viruml
386 1003 462 1066 dum
479 1026 519 1067 ne
537 1002 576 1067 sit
592 1003 626 1066 in
643 1003 788 1066 omnibus
805 1025 897 1068 unus.

78 1089 172 1153 tidem
189 1089 282 1152 sentit
298 1088 454 1170 foedoque
472 1099 628 1173 repugnat
644 1087 743 1151 amori

78 1198 129 1237 um
148 1182 235 1257 “quo
252 1185 357 1238 mente
374 1172 476 1237 feror?
494 1172 570 1256 quid
586 1172 742 1236 molior?”
760 1172 876 1256 inquit:
1005 1195 1055 1245 aro

78 1281 181 1334 recor,
200 1270 231 1322 et
248 1259 348 1343 pietas
365 1268 550 1341 sacrataque
567 1259 637 1322 iura
652 1268 827 1343 parentum,

78 1344 215 1408 rohibete
231 1344 321 1408 nefas
339 1343 511 1427 scelerique
528 1343 662 1408 resistite
679 1342 801 1408 nostrol

78 1452 122 1492 ,en
140 1429 200 1492 hoc
218 1429 319 1493 scelus
337 1440 393 1493 est.
437 1428 593 1494 sedenim
611 1428 760 1493 damnare
777 1439 912 1514 negatur

78 1515 229 1579 Venerem
246 1514 360 1598 pietas:
379 1524 555 1598 coeuntque
573 1514 720 1578 animalia
736 1513 822 1578 nullo

102 1600 232 1674 dilectu,
250 1621 309 1663 uec
325 1598 458 1664 habetur
475 1610 566 1685 turpe
583 1600 734 1664 iuvencae
1005 1618 1053 1670 325

78 1697 193 1768 patrem
210 1697 313 1768 tergo,
331 1684 366 1748 fit
384 1706 465 1767 equo
484 1707 542 1749 sua
558 1684 622 1748 filia
640 1684 790 1760 coniunx3

78 1792 113 1833 ue
131 1769 261 1845 creavit,
279 1770 337 1833 init
354 1771 490 1854 pecudes
509 1792 616 1854 caper3
634 1770 777 1855 ipsaque,
796 1770 885 1835 cuius

78 1877 90 1918 e
108 1866 259 1938 concepta
277 1866 337 1930 est,
356 1878 395 1919 ex
412 1855 465 1919 illo
484 1855 619 1939 concipit
637 1856 711 1920 ales.

84 1987 93 2014 ,
111 1940 226 2021 quibus
244 1941 305 2003 ista
321 1940 429 2004 licentl
456 1940 594 2004 humana
611 1940 765 2023 malignas

78 2025 151 2088 ledit
168 2025 270 2108 leges,
289 2035 320 2089 et
337 2025 422 2108 quod
448 2036 561 2090 natura
577 2025 716 2101 remittit,
1004 2047 1054 2097 830

95 2111 164 2173 iura
181 2121 308 2195 negant.
351 2120 462 2194 gentes
480 2120 585 2174 tamen
603 2133 671 2175 esse
688 2110 841 2187 feruntur,

77 2195 136 2258 bus
156 2206 186 2258 et
203 2206 277 2259 nato
295 2195 447 2279 genetrix,
467 2206 498 2260 et
514 2207 589 2260 nata
605 2195 727 2280 parenti

78 2304 121 2355 ur,
139 2290 175 2343 ut
192 2280 292 2364 pietas
310 2281 468 2365 geminato
487 2292 607 2345 crescat
623 2301 739 2344 amore.

78 2368 198 2440 seram,
218 2365 302 2448 quod
321 2387 384 2428 non
400 2366 487 2429 nasci
504 2365 582 2428 mihi
600 2364 730 2449 contigit
746 2364 819 2442 illic,

78 2473 158 2534 aque
176 2450 237 2513 loci
254 2449 375 2514 laedorl
401 2450 477 2534 quid
494 2451 527 2513 in
544 2451 604 2514 ista
620 2450 782 2515 revolvor?
1004 2471 1052 2522 335

78 2535 258 2611 rterdictae,
276 2535 440 2600 disceditel
470 2535 583 2635 dignus
602 2535 700 2598 amari

78 2620 111 2684 ed
129 2631 164 2683 ut
204 2631 279 2695 ater,
298 2632 354 2686 est.
399 2643 474 2705 ergo
492 2644 518 2684 s1
535 2620 600 2684 filia
616 2620 724 2704 magni

78 2727 153 2769 asem
172 2643 323 2789 ginyrae,
344 2704 481 2790 Cinyrae
499 2705 706 2771 concumbere
723 2727 855 2790 possem.

78 2790 146 2872 quia
165 2792 228 2854 iam
246 2813 335 2855 meus
354 2803 415 2868 est,
433 2813 497 2855 non
514 2803 561 2856 est
578 2813 681 2868 meus,
699 2791 831 2876 ipsaque
849 2793 964 2858 damno

79 2875 112 2938 hi
129 2876 325 2960 proximitas:
344 2877 446 2940 aliena
463 2876 619 2962 potentior
636 2899 747 2941 essem.
1001 2900 1051 2950 840

77 2972 109 3024 et
126 2963 235 3045 procul
252 2961 326 3025 hinc
342 2961 525 3045 patriaeque
542 2962 718 3045 relinquere
735 2962 823 3038 fines,

80 3045 166 3109 celus
184 3045 345 3129 effugiam.
388 3048 501 3115 retinet
517 3047 619 3111 malus
637 3048 730 3111 ardor
748 3057 918 3113 amantem:

80 3153 169 3194 esens
188 3140 326 3214 spectem
345 3128 496 3215 Cinyram
514 3142 705 3216 tangamque
722 3134 895 3216 loquarque
982 3194 986 3200 .

78 3236 139 3296 que
157 3216 357 3292 admoveam,
375 3217 401 3280 si
418 3217 463 3280 nil
481 3217 662 3282 conceditur
679 3218 770 3282 ultra.

78 3310 172 3363 tutem
190 3322 315 3383 sperare
334 3299 452 3382 aliquid
469 3308 569 3383 potes,
587 3298 685 3384 impia
704 3299 804 3385 virge,
1002 3325 1050 3375 345

78 3394 137 3464 uot
154 3383 328 3447 confundas
347 3392 378 3447 et
394 3383 464 3449 iura
482 3393 514 3448 et
530 3385 671 3461 uomina,
690 3388 804 3451 sentis?

79 3468 122 3530 ris
140 3478 172 3532 et
188 3468 297 3532 matris
314 3468 427 3552 paelex
444 3479 476 3533 et
493 3469 634 3534 adultera
675 3472 768 3535 atris?

79 3574 150 3615 oror
166 3553 455 3638 nati-genetrixque
473 3554 627 3619 vocabere
645 3493 769 3621 liatris?

77 3648 165 3702 etues
183 3649 250 3701 atro
268 3638 394 3702 crinitas
412 3661 515 3723 angue
534 3661 665 3717 sorores,

77 3722 186 3786 'acibus
205 3724 306 3787 saevis
324 3724 431 3788 oculos
449 3735 544 3808 atque
562 3747 617 3790 ora
633 3738 774 3811 petentes
1000 3752 1050 3805 ³50

79 3808 175 3872 corda
191 3809 317 3872 vident?
343 3821 374 3873 at
393 3821 441 3886 tu,
459 3811 534 3874 dum
553 3833 681 3897 corpore
698 3835 762 3878 non
779 3836 813 3878 es

77 3894 182 3969 nefas,
201 3894 304 3957 animo
322 3917 361 3959 ue
380 3895 522 3979 concipe,
540 3919 619 3961 neve
637 3899 771 3981 potentis

78 3979 137 4042 ritu
154 3980 250 4044 vetito
268 3991 398 4045 naturae
416 3982 520 4065 pollue
538 3981 659 4046 foedus.

78 4076 155 4129 ruta:
173 4088 223 4130 res
238 4065 310 4150 ipsa
327 4076 421 4130 vetat.
464 4065 536 4151 pius
554 4067 620 4144 ille,
638 4090 820 4155 memorque
842 4083 890 4139 est
972 4133 975 4137 .
