<?xml version="1.0" encoding="UTF-8"?>
<!DOCTYPE html PUBLIC "-//W3C//DTD XHTML 1.0 Transitional//EN"
    "http://www.w3.org/TR/xhtml1/DTD/xhtml1-transitional.dtd">
<html xmlns="http://www.w3.org/1999/xhtml" xml:lang="en" lang="en">
 <head>
  <title>
</title>
<meta http-equiv="Content-Type" content="text/html;charset=utf-8" />
  <meta name='ocr-system' content='tesseract 3.04.00' />
  <meta name='ocr-capabilities' content='ocr_page ocr_carea ocr_par ocr_line ocrx_word'/>
</head>
<body>
  <div class='ocr_page' id='page_1' title='image "./carmina03ovidgoog_0170.png"; bbox 0 0 2574 4478; ppageno 0'>
   <div class='ocr_carea' id='block_1_1' title="bbox 256 265 1120 344">
    <p class='ocr_par' dir='ltr' id='par_1_1' title="bbox 256 265 1120 344">
     <span class='ocr_line' id='line_1_1' title="bbox 256 265 1120 344; baseline -0.013 0"><span class='ocrx_word' id='word_1_1' title='bbox 256 286 621 344; x_wconf 76' lang='lat' dir='ltr'>Marauonrnosnou</span> <span class='ocrx_word' id='word_1_2' title='bbox 638 287 711 341; x_wconf 84' lang='lat' dir='ltr'>nra.</span> <span class='ocrx_word' id='word_1_3' title='bbox 730 285 794 343; x_wconf 91' lang='lat' dir='ltr'>v11.</span> <span class='ocrx_word' id='word_1_4' title='bbox 813 281 955 342; x_wconf 71' lang='lat' dir='ltr'>sao-43⁷.</span> <span class='ocrx_word' id='word_1_5' title='bbox 1058 265 1120 334; x_wconf 86' lang='lat'>115</span> 
     </span>
    </p>
   </div>
   <div class='ocr_carea' id='block_1_2' title="bbox 95 407 1190 4166">
    <p class='ocr_par' dir='ltr' id='par_1_2' title="bbox 95 407 1190 4166">
     <span class='ocr_line' id='line_1_2' title="bbox 95 407 953 508; baseline -0.012 -28"><span class='ocrx_word' id='word_1_6' title='bbox 95 413 152 480; x_wconf 91' lang='lat' dir='ltr'>sed</span> <span class='ocrx_word' id='word_1_7' title='bbox 170 423 339 501; x_wconf 83' lang='lat' dir='ltr'><strong>postquam</strong></span> <span class='ocrx_word' id='word_1_8' title='bbox 358 409 486 476; x_wconf 85' lang='lat' dir='ltr'>Colchis</span> <span class='ocrx_word' id='word_1_9' title='bbox 504 412 581 475; x_wconf 80' lang='lat' dir='ltr'><strong>arsit</strong></span> <span class='ocrx_word' id='word_1_10' title='bbox 597 432 681 474; x_wconf 92' lang='lat' dir='ltr'>nova</span> <span class='ocrx_word' id='word_1_11' title='bbox 698 417 798 508; x_wconf 90' lang='lat' dir='ltr'>nupta</span> <span class='ocrx_word' id='word_1_12' title='bbox 814 407 953 483; x_wconf 86' lang='lat' dir='ltr'>venenis,</span> 
     </span>
     <span class='ocr_line' id='line_1_3' title="bbox 95 493 1187 586; baseline -0.005 -22"><span class='ocrx_word' id='word_1_13' title='bbox 95 502 347 586; x_wconf 88' lang='lat' dir='ltr'>flagrantemque</span> <span class='ocrx_word' id='word_1_14' title='bbox 365 496 494 560; x_wconf 91' lang='lat' dir='ltr'>domum</span> <span class='ocrx_word' id='word_1_15' title='bbox 512 497 597 580; x_wconf 89' lang='lat' dir='ltr'>regis</span> <span class='ocrx_word' id='word_1_16' title='bbox 615 517 702 559; x_wconf 90' lang='lat' dir='ltr'>mare</span> <span class='ocrx_word' id='word_1_17' title='bbox 719 493 799 557; x_wconf 79' lang='lat' dir='ltr'>vidit</span> <span class='ocrx_word' id='word_1_18' title='bbox 815 503 996 576; x_wconf 89' lang='lat' dir='ltr'>utrumque,</span> <span class='ocrx_word' id='word_1_19' title='bbox 1138 507 1187 558; x_wconf 78' lang='lat'>395</span> 
     </span>
     <span class='ocr_line' id='line_1_4' title="bbox 96 577 880 670; baseline -0.009 -21"><span class='ocrx_word' id='word_1_20' title='bbox 96 584 252 670; x_wconf 89' lang='lat' dir='ltr'>sanguine</span> <span class='ocrx_word' id='word_1_21' title='bbox 269 594 416 646; x_wconf 90' lang='lat' dir='ltr'>natorum</span> <span class='ocrx_word' id='word_1_22' title='bbox 433 581 635 665; x_wconf 89' lang='lat' dir='ltr'>perfunditur</span> <span class='ocrx_word' id='word_1_23' title='bbox 651 578 767 664; x_wconf 90' lang='lat' dir='ltr'>impius</span> <span class='ocrx_word' id='word_1_24' title='bbox 786 577 880 654; x_wconf 90' lang='lat' dir='ltr'>ensis,</span> 
     </span>
     <span class='ocr_line' id='line_1_5' title="bbox 95 664 884 753; baseline -0.009 -19"><span class='ocrx_word' id='word_1_25' title='bbox 95 672 227 753; x_wconf 87' lang='lat' dir='ltr'>ultaque</span> <span class='ocrx_word' id='word_1_26' title='bbox 244 690 278 732; x_wconf 92' lang='lat' dir='ltr'>se</span> <span class='ocrx_word' id='word_1_27' title='bbox 295 668 377 731; x_wconf 89' lang='lat' dir='ltr'>male</span> <span class='ocrx_word' id='word_1_28' title='bbox 395 678 495 731; x_wconf 88' lang='lat' dir='ltr'>mater</span> <span class='ocrx_word' id='word_1_29' title='bbox 512 666 634 730; x_wconf 90' lang='lat' dir='ltr'>Iasonis</span> <span class='ocrx_word' id='word_1_30' title='bbox 652 664 766 749; x_wconf 87' lang='lat' dir='ltr'>effugit</span> <span class='ocrx_word' id='word_1_31' title='bbox 783 686 884 740; x_wconf 79' lang='lat' dir='ltr'>arma3</span> 
     </span>
     <span class='ocr_line' id='line_1_6' title="bbox 95 750 808 820; baseline -0.01 0"><span class='ocrx_word' id='word_1_32' title='bbox 95 755 172 820; x_wconf 87' lang='lat' dir='ltr'>hinc</span> <span class='ocrx_word' id='word_1_33' title='bbox 188 752 362 818; x_wconf 81' lang='lat' dir='ltr'>Titaniacis</span> <span class='ocrx_word' id='word_1_34' title='bbox 380 751 486 816; x_wconf 87' lang='lat' dir='ltr'>ablata</span> <span class='ocrx_word' id='word_1_35' title='bbox 503 750 693 816; x_wconf 77' lang='lat' dir='ltr'>draconibus</span> <span class='ocrx_word' id='word_1_36' title='bbox 710 750 808 813; x_wconf 83' lang='lat' dir='ltr'>intrat</span> 
     </span>
     <span class='ocr_line' id='line_1_7' title="bbox 95 834 891 920; baseline -0.009 -15"><span class='ocrx_word' id='word_1_37' title='bbox 95 838 259 905; x_wconf 88' lang='lat' dir='ltr'>Palladias</span> <span class='ocrx_word' id='word_1_38' title='bbox 277 859 374 902; x_wconf 88' lang='lat' dir='ltr'>arces.</span> <span class='ocrx_word' id='word_1_39' title='bbox 418 858 501 920; x_wconf 87' lang='lat' dir='ltr'>quae</span> <span class='ocrx_word' id='word_1_40' title='bbox 517 849 564 913; x_wconf 92' lang='lat' dir='ltr'>te,</span> <span class='ocrx_word' id='word_1_41' title='bbox 582 835 753 900; x_wconf 91' lang='lat' dir='ltr'>iustissima</span> <span class='ocrx_word' id='word_1_42' title='bbox 769 834 891 909; x_wconf 84' lang='lat' dir='ltr'>Phene,</span> 
     </span>
     <span class='ocr_line' id='line_1_8' title="bbox 96 919 1190 1008; baseline -0.004 -19"><span class='ocrx_word' id='word_1_43' title='bbox 96 939 208 1008; x_wconf 91' lang='lat' dir='ltr'>teque,</span> <span class='ocrx_word' id='word_1_44' title='bbox 228 946 325 988; x_wconf 82' lang='lat' dir='ltr'>senex</span> <span class='ocrx_word' id='word_1_45' title='bbox 341 921 495 1007; x_wconf 88' lang='lat' dir='ltr'>Peripha,</span> <span class='ocrx_word' id='word_1_46' title='bbox 513 922 630 1006; x_wconf 89' lang='lat' dir='ltr'>pariter</span> <span class='ocrx_word' id='word_1_47' title='bbox 646 920 755 985; x_wconf 89' lang='lat' dir='ltr'>videre</span> <span class='ocrx_word' id='word_1_48' title='bbox 772 919 925 996; x_wconf 85' lang='lat' dir='ltr'>volantes,</span> <span class='ocrx_word' id='word_1_49' title='bbox 1139 936 1190 986; x_wconf 87' lang='lat'>400</span> 
     </span>
     <span class='ocr_line' id='line_1_9' title="bbox 96 1003 882 1094; baseline -0.009 -19"><span class='ocrx_word' id='word_1_50' title='bbox 96 1009 301 1092; x_wconf 87' lang='lat' dir='ltr'>innixamque</span> <span class='ocrx_word' id='word_1_51' title='bbox 318 1008 409 1072; x_wconf 88' lang='lat' dir='ltr'>novis</span> <span class='ocrx_word' id='word_1_52' title='bbox 426 1018 554 1092; x_wconf 90' lang='lat' dir='ltr'>neptem</span> <span class='ocrx_word' id='word_1_53' title='bbox 570 1005 797 1094; x_wconf 85' lang='lat' dir='ltr'>Polypemonis</span> <span class='ocrx_word' id='word_1_54' title='bbox 815 1003 882 1068; x_wconf 89' lang='lat' dir='ltr'>alis.</span> 
     </span>
     <span class='ocr_line' id='line_1_10' title="bbox 97 1090 942 1180; baseline -0.007 -21"><span class='ocrx_word' id='word_1_55' title='bbox 97 1095 216 1180; x_wconf 89' lang='lat' dir='ltr'>exeipit</span> <span class='ocrx_word' id='word_1_56' title='bbox 234 1094 317 1158; x_wconf 88' lang='lat' dir='ltr'>hanc</span> <span class='ocrx_word' id='word_1_57' title='bbox 333 1094 480 1177; x_wconf 87' lang='lat' dir='ltr'>Aegeus,</span> <span class='ocrx_word' id='word_1_58' title='bbox 498 1092 583 1156; x_wconf 86' lang='lat' dir='ltr'>facto</span> <span class='ocrx_word' id='word_1_59' title='bbox 601 1091 800 1155; x_wconf 87' lang='lat' dir='ltr'>damnandus</span> <span class='ocrx_word' id='word_1_60' title='bbox 817 1090 851 1154; x_wconf 93' lang='lat' dir='ltr'>in</span> <span class='ocrx_word' id='word_1_61' title='bbox 868 1112 942 1154; x_wconf 89' lang='lat' dir='ltr'>uno.</span> 
     </span>
     <span class='ocr_line' id='line_1_11' title="bbox 96 1171 1087 1263; baseline -0.009 -18"><span class='ocrx_word' id='word_1_62' title='bbox 96 1202 158 1247; x_wconf 90' lang='lat' dir='ltr'>nec</span> <span class='ocrx_word' id='word_1_63' title='bbox 176 1178 252 1244; x_wconf 91' lang='lat' dir='ltr'>satis</span> <span class='ocrx_word' id='word_1_64' title='bbox 269 1178 439 1263; x_wconf 89' lang='lat' dir='ltr'>hospitium</span> <span class='ocrx_word' id='word_1_65' title='bbox 458 1188 520 1242; x_wconf 88' lang='lat' dir='ltr'>est:</span> <span class='ocrx_word' id='word_1_66' title='bbox 538 1176 669 1240; x_wconf 90' lang='lat' dir='ltr'>thalami</span> <span class='ocrx_word' id='word_1_67' title='bbox 686 1197 813 1259; x_wconf 92' lang='lat' dir='ltr'>quoque</span> <span class='ocrx_word' id='word_1_68' title='bbox 830 1175 957 1240; x_wconf 85' lang='lat' dir='ltr'>foedere</span> <span class='ocrx_word' id='word_1_69' title='bbox 975 1171 1087 1257; x_wconf 87' lang='lat' dir='ltr'>iungit.</span> 
     </span>
     <span class='ocr_line' id='line_1_12' title="bbox 141 1259 1189 1348; baseline -0.004 -19"><span class='ocrx_word' id='word_1_70' title='bbox 141 1265 274 1348; x_wconf 89' lang='lat' dir='ltr'>Iamque</span> <span class='ocrx_word' id='word_1_71' title='bbox 292 1264 401 1328; x_wconf 91' lang='lat' dir='ltr'>aderat</span> <span class='ocrx_word' id='word_1_72' title='bbox 418 1263 571 1340; x_wconf 84' lang='lat' dir='ltr'>Theseus,</span> <span class='ocrx_word' id='word_1_73' title='bbox 589 1261 694 1348; x_wconf 90' lang='lat' dir='ltr'>proles</span> <span class='ocrx_word' id='word_1_74' title='bbox 712 1261 823 1347; x_wconf 88' lang='lat' dir='ltr'>ignara</span> <span class='ocrx_word' id='word_1_75' title='bbox 841 1259 976 1346; x_wconf 85' lang='lat' dir='ltr'>parenti,</span> <span class='ocrx_word' id='word_1_76' title='bbox 1071 1273 1189 1325; x_wconf 72' lang='lat' dir='ltr'>Theseus.</span> 
     </span>
     <span class='ocr_line' id='line_1_13' title="bbox 97 1349 1189 1433; baseline -0.002 -20"><span class='ocrx_word' id='word_1_77' title='bbox 97 1361 130 1413; x_wconf 90' lang='lat' dir='ltr'>et</span> <span class='ocrx_word' id='word_1_78' title='bbox 149 1352 264 1412; x_wconf 88' lang='lat' dir='ltr'>virtute</span> <span class='ocrx_word' id='word_1_79' title='bbox 282 1371 339 1412; x_wconf 90' lang='lat' dir='ltr'>sua</span> <span class='ocrx_word' id='word_1_80' title='bbox 357 1351 507 1414; x_wconf 87' lang='lat' dir='ltr'>bimarem</span> <span class='ocrx_word' id='word_1_81' title='bbox 526 1360 694 1433; x_wconf 88' lang='lat' dir='ltr'>pacaverat</span> <span class='ocrx_word' id='word_1_82' title='bbox 711 1349 864 1412; x_wconf 85' lang='lat' dir='ltr'>Isthmon.</span> <span class='ocrx_word' id='word_1_83' title='bbox 1140 1360 1189 1411; x_wconf 82' lang='lat'>405</span> 
     </span>
     <span class='ocr_line' id='line_1_14' title="bbox 97 1430 870 1514; baseline -0.004 -16"><span class='ocrx_word' id='word_1_84' title='bbox 97 1430 194 1498; x_wconf 87' lang='lat' dir='ltr'>huius</span> <span class='ocrx_word' id='word_1_85' title='bbox 212 1433 245 1495; x_wconf 93' lang='lat' dir='ltr'>in</span> <span class='ocrx_word' id='word_1_86' title='bbox 263 1431 393 1496; x_wconf 88' lang='lat' dir='ltr'>exitium</span> <span class='ocrx_word' id='word_1_87' title='bbox 413 1431 524 1496; x_wconf 92' lang='lat' dir='ltr'>miscet</span> <span class='ocrx_word' id='word_1_88' title='bbox 541 1431 674 1507; x_wconf 90' lang='lat' dir='ltr'>Medea,</span> <span class='ocrx_word' id='word_1_89' title='bbox 692 1431 779 1514; x_wconf 90' lang='lat' dir='ltr'>quod</span> <span class='ocrx_word' id='word_1_90' title='bbox 796 1431 870 1495; x_wconf 89' lang='lat' dir='ltr'>olim</span> 
     </span>
     <span class='ocr_line' id='line_1_15' title="bbox 97 1515 863 1601; baseline -0.007 -17"><span class='ocrx_word' id='word_1_91' title='bbox 97 1519 248 1584; x_wconf 89' lang='lat' dir='ltr'>attulerat</span> <span class='ocrx_word' id='word_1_92' title='bbox 265 1539 371 1580; x_wconf 91' lang='lat' dir='ltr'>secum</span> <span class='ocrx_word' id='word_1_93' title='bbox 391 1515 549 1601; x_wconf 87' lang='lat' dir='ltr'>Scythicis</span> <span class='ocrx_word' id='word_1_94' title='bbox 567 1516 714 1580; x_wconf 90' lang='lat' dir='ltr'>aconiton</span> <span class='ocrx_word' id='word_1_95' title='bbox 732 1516 773 1579; x_wconf 92' lang='lat' dir='ltr'>ab</span> <span class='ocrx_word' id='word_1_96' title='bbox 791 1516 863 1579; x_wconf 93' lang='lat' dir='ltr'>oris.</span> 
     </span>
     <span class='ocr_line' id='line_1_16' title="bbox 96 1600 892 1670; baseline -0.008 0"><span class='ocrx_word' id='word_1_97' title='bbox 96 1604 177 1670; x_wconf 91' lang='lat' dir='ltr'>illud</span> <span class='ocrx_word' id='word_1_98' title='bbox 194 1601 377 1667; x_wconf 82' lang='lat' dir='ltr'>Echidneae</span> <span class='ocrx_word' id='word_1_99' title='bbox 395 1612 570 1666; x_wconf 90' lang='lat' dir='ltr'>memorant</span> <span class='ocrx_word' id='word_1_100' title='bbox 588 1625 605 1666; x_wconf 92' lang='lat' dir='ltr'>e</span> <span class='ocrx_word' id='word_1_101' title='bbox 623 1600 770 1666; x_wconf 90' lang='lat' dir='ltr'>dentibus</span> <span class='ocrx_word' id='word_1_102' title='bbox 788 1612 892 1665; x_wconf 92' lang='lat' dir='ltr'>ortum</span> 
     </span>
     <span class='ocr_line' id='line_1_17' title="bbox 98 1686 929 1772; baseline -0.005 -17"><span class='ocrx_word' id='word_1_103' title='bbox 98 1711 170 1755; x_wconf 88' lang='lat' dir='ltr'>esse</span> <span class='ocrx_word' id='word_1_104' title='bbox 188 1688 284 1752; x_wconf 84' lang='lat' dir='ltr'>canis.</span> <span class='ocrx_word' id='word_1_105' title='bbox 329 1709 440 1772; x_wconf 87' lang='lat' dir='ltr'>specus</span> <span class='ocrx_word' id='word_1_106' title='bbox 459 1699 506 1751; x_wconf 90' lang='lat' dir='ltr'>est</span> <span class='ocrx_word' id='word_1_107' title='bbox 523 1687 690 1751; x_wconf 90' lang='lat' dir='ltr'>tenebroso</span> <span class='ocrx_word' id='word_1_108' title='bbox 708 1707 822 1751; x_wconf 85' lang='lat' dir='ltr'>caecus</span> <span class='ocrx_word' id='word_1_109' title='bbox 839 1686 929 1751; x_wconf 88' lang='lat' dir='ltr'>hiatu</span> 
     </span>
     <span class='ocr_line' id='line_1_18' title="bbox 98 1771 866 1857; baseline -0.007 -16"><span class='ocrx_word' id='word_1_110' title='bbox 98 1787 132 1841; x_wconf 91' lang='lat' dir='ltr'>et</span> <span class='ocrx_word' id='word_1_111' title='bbox 148 1774 201 1838; x_wconf 91' lang='lat' dir='ltr'>via</span> <span class='ocrx_word' id='word_1_112' title='bbox 219 1772 364 1849; x_wconf 90' lang='lat' dir='ltr'>declivis,</span> <span class='ocrx_word' id='word_1_113' title='bbox 381 1795 437 1857; x_wconf 90' lang='lat' dir='ltr'>per</span> <span class='ocrx_word' id='word_1_114' title='bbox 455 1793 552 1856; x_wconf 91' lang='lat' dir='ltr'>quam</span> <span class='ocrx_word' id='word_1_115' title='bbox 569 1771 756 1856; x_wconf 86' lang='lat' dir='ltr'>Tirynthius</span> <span class='ocrx_word' id='word_1_116' title='bbox 773 1771 866 1837; x_wconf 88' lang='lat' dir='ltr'>heros</span> 
     </span>
     <span class='ocr_line' id='line_1_19' title="bbox 97 1857 916 1940; baseline -0.005 -14"><span class='ocrx_word' id='word_1_117' title='bbox 97 1870 269 1926; x_wconf 88' lang='lat' dir='ltr'>restantem</span> <span class='ocrx_word' id='word_1_118' title='bbox 288 1869 459 1940; x_wconf 82' lang='lat' dir='ltr'>contraque</span> <span class='ocrx_word' id='word_1_119' title='bbox 477 1858 561 1921; x_wconf 91' lang='lat' dir='ltr'>diem</span> <span class='ocrx_word' id='word_1_120' title='bbox 578 1858 746 1940; x_wconf 91' lang='lat' dir='ltr'>radiosque</span> <span class='ocrx_word' id='word_1_121' title='bbox 763 1857 916 1923; x_wconf 89' lang='lat' dir='ltr'>micantes</span> 
     </span>
     <span class='ocr_line' id='line_1_20' title="bbox 97 1943 871 2028; baseline -0.005 -18"><span class='ocrx_word' id='word_1_122' title='bbox 97 1945 314 2028; x_wconf 90' lang='lat' dir='ltr'>obliquantem</span> <span class='ocrx_word' id='word_1_123' title='bbox 332 1944 440 2007; x_wconf 91' lang='lat' dir='ltr'>oculos</span> <span class='ocrx_word' id='word_1_124' title='bbox 457 1943 548 2008; x_wconf 86' lang='lat' dir='ltr'>nexis</span> <span class='ocrx_word' id='word_1_125' title='bbox 566 1943 734 2007; x_wconf 90' lang='lat' dir='ltr'>adamante</span> <span class='ocrx_word' id='word_1_126' title='bbox 752 1943 871 2007; x_wconf 88' lang='lat' dir='ltr'>eatenis</span> 
     </span>
     <span class='ocr_line' id='line_1_21' title="bbox 100 2027 877 2112; baseline -0.005 -16"><span class='ocrx_word' id='word_1_127' title='bbox 100 2029 266 2096; x_wconf 84' lang='lat' dir='ltr'>Cerberon</span> <span class='ocrx_word' id='word_1_128' title='bbox 284 2028 436 2093; x_wconf 88' lang='lat' dir='ltr'>abstraxit</span> <span class='ocrx_word' id='word_1_129' title='bbox 441 2053 450 2105; x_wconf 93' lang='lat'>;</span> <span class='ocrx_word' id='word_1_130' title='bbox 468 2029 580 2092; x_wconf 89' lang='lat' dir='ltr'>rabida</span> <span class='ocrx_word' id='word_1_131' title='bbox 596 2028 653 2112; x_wconf 94' lang='lat' dir='ltr'>qui</span> <span class='ocrx_word' id='word_1_132' title='bbox 670 2028 811 2092; x_wconf 89' lang='lat' dir='ltr'>concitus</span> <span class='ocrx_word' id='word_1_133' title='bbox 828 2027 877 2092; x_wconf 93' lang='lat' dir='ltr'>ira</span> 
     </span>
     <span class='ocr_line' id='line_1_22' title="bbox 97 2113 784 2200; baseline -0.007 -19"><span class='ocrx_word' id='word_1_134' title='bbox 97 2114 244 2200; x_wconf 91' lang='lat' dir='ltr'>implevit</span> <span class='ocrx_word' id='word_1_135' title='bbox 260 2113 378 2198; x_wconf 90' lang='lat' dir='ltr'>pariter</span> <span class='ocrx_word' id='word_1_136' title='bbox 394 2113 490 2178; x_wconf 88' lang='lat' dir='ltr'>ternis</span> <span class='ocrx_word' id='word_1_137' title='bbox 507 2113 673 2178; x_wconf 92' lang='lat' dir='ltr'>latratibus</span> <span class='ocrx_word' id='word_1_138' title='bbox 691 2135 784 2177; x_wconf 89' lang='lat' dir='ltr'>auras</span> 
     </span>
     <span class='ocr_line' id='line_1_23' title="bbox 99 2199 853 2286; baseline -0.004 -20"><span class='ocrx_word' id='word_1_139' title='bbox 99 2213 133 2267; x_wconf 94' lang='lat' dir='ltr'>et</span> <span class='ocrx_word' id='word_1_140' title='bbox 150 2199 264 2286; x_wconf 89' lang='lat' dir='ltr'>sparsit</span> <span class='ocrx_word' id='word_1_141' title='bbox 281 2199 396 2263; x_wconf 91' lang='lat' dir='ltr'>virides</span> <span class='ocrx_word' id='word_1_142' title='bbox 415 2199 535 2285; x_wconf 90' lang='lat' dir='ltr'>spumis</span> <span class='ocrx_word' id='word_1_143' title='bbox 553 2199 731 2263; x_wconf 87' lang='lat' dir='ltr'>albentibus</span> <span class='ocrx_word' id='word_1_144' title='bbox 750 2221 853 2284; x_wconf 84' lang='lat' dir='ltr'>agros.</span> 
     </span>
     <span class='ocr_line' id='line_1_24' title="bbox 99 2282 973 2369; baseline -0.003 -18"><span class='ocrx_word' id='word_1_145' title='bbox 99 2288 158 2351; x_wconf 87' lang='lat' dir='ltr'>has</span> <span class='ocrx_word' id='word_1_146' title='bbox 176 2307 339 2349; x_wconf 89' lang='lat' dir='ltr'>concresse</span> <span class='ocrx_word' id='word_1_147' title='bbox 356 2295 483 2369; x_wconf 92' lang='lat' dir='ltr'>putant,</span> <span class='ocrx_word' id='word_1_148' title='bbox 501 2296 673 2367; x_wconf 88' lang='lat' dir='ltr'>nactasque</span> <span class='ocrx_word' id='word_1_149' title='bbox 692 2283 842 2348; x_wconf 93' lang='lat' dir='ltr'>alimenta</span> <span class='ocrx_word' id='word_1_150' title='bbox 858 2282 973 2349; x_wconf 87' lang='lat' dir='ltr'>feracis</span> 
     </span>
     <span class='ocr_line' id='line_1_25' title="bbox 98 2369 769 2456; baseline -0.007 -19"><span class='ocrx_word' id='word_1_151' title='bbox 98 2372 292 2454; x_wconf 89' lang='lat' dir='ltr'>fecundique</span> <span class='ocrx_word' id='word_1_152' title='bbox 310 2369 368 2434; x_wconf 91' lang='lat' dir='ltr'>soli</span> <span class='ocrx_word' id='word_1_153' title='bbox 386 2369 468 2434; x_wconf 91' lang='lat' dir='ltr'>vires</span> <span class='ocrx_word' id='word_1_154' title='bbox 487 2370 607 2456; x_wconf 89' lang='lat' dir='ltr'>cepisse</span> <span class='ocrx_word' id='word_1_155' title='bbox 625 2369 769 2434; x_wconf 89' lang='lat' dir='ltr'>nocendi.</span> 
     </span>
     <span class='ocr_line' id='line_1_26' title="bbox 99 2455 825 2541; baseline -0.004 -19"><span class='ocrx_word' id='word_1_156' title='bbox 99 2480 184 2541; x_wconf 91' lang='lat' dir='ltr'>quae</span> <span class='ocrx_word' id='word_1_157' title='bbox 202 2456 278 2539; x_wconf 93' lang='lat' dir='ltr'>quia</span> <span class='ocrx_word' id='word_1_158' title='bbox 295 2468 468 2520; x_wconf 88' lang='lat' dir='ltr'>nascuntur</span> <span class='ocrx_word' id='word_1_159' title='bbox 485 2456 565 2520; x_wconf 92' lang='lat' dir='ltr'>dura</span> <span class='ocrx_word' id='word_1_160' title='bbox 581 2455 705 2519; x_wconf 88' lang='lat' dir='ltr'>vivacia</span> <span class='ocrx_word' id='word_1_161' title='bbox 722 2465 825 2531; x_wconf 89' lang='lat' dir='ltr'>caute,</span> 
     </span>
     <span class='ocr_line' id='line_1_27' title="bbox 100 2540 858 2628; baseline -0.004 -21"><span class='ocrx_word' id='word_1_162' title='bbox 100 2552 242 2628; x_wconf 84' lang='lat' dir='ltr'>agrestes</span> <span class='ocrx_word' id='word_1_163' title='bbox 260 2541 384 2604; x_wconf 89' lang='lat' dir='ltr'>aconita</span> <span class='ocrx_word' id='word_1_164' title='bbox 401 2552 525 2606; x_wconf 91' lang='lat' dir='ltr'>vocant.</span> <span class='ocrx_word' id='word_1_165' title='bbox 571 2563 609 2605; x_wconf 91' lang='lat' dir='ltr'>ea</span> <span class='ocrx_word' id='word_1_166' title='bbox 626 2540 769 2625; x_wconf 87' lang='lat' dir='ltr'>coniugis</span> <span class='ocrx_word' id='word_1_167' title='bbox 787 2550 858 2604; x_wconf 88' lang='lat' dir='ltr'>astu</span> 
     </span>
     <span class='ocr_line' id='line_1_28' title="bbox 99 2624 875 2713; baseline -0.005 -21"><span class='ocrx_word' id='word_1_168' title='bbox 99 2630 169 2713; x_wconf 86' lang='lat' dir='ltr'>ipse</span> <span class='ocrx_word' id='word_1_169' title='bbox 187 2649 301 2712; x_wconf 89' lang='lat' dir='ltr'>parens</span> <span class='ocrx_word' id='word_1_170' title='bbox 318 2626 449 2711; x_wconf 89' lang='lat' dir='ltr'>Aegeus</span> <span class='ocrx_word' id='word_1_171' title='bbox 466 2638 541 2690; x_wconf 90' lang='lat' dir='ltr'>nato</span> <span class='ocrx_word' id='word_1_172' title='bbox 559 2625 711 2712; x_wconf 85' lang='lat' dir='ltr'>porrexit,</span> <span class='ocrx_word' id='word_1_173' title='bbox 729 2637 765 2689; x_wconf 93' lang='lat' dir='ltr'>ut</span> <span class='ocrx_word' id='word_1_174' title='bbox 782 2624 875 2689; x_wconf 86' lang='lat' dir='ltr'>hosti.</span> 
     </span>
     <span class='ocr_line' id='line_1_29' title="bbox 101 2711 930 2797; baseline -0.005 -20"><span class='ocrx_word' id='word_1_175' title='bbox 101 2722 279 2797; x_wconf 86' lang='lat' dir='ltr'>sumpserat</span> <span class='ocrx_word' id='word_1_176' title='bbox 295 2711 406 2796; x_wconf 91' lang='lat' dir='ltr'>ignara</span> <span class='ocrx_word' id='word_1_177' title='bbox 423 2711 567 2776; x_wconf 88' lang='lat' dir='ltr'>Theseus</span> <span class='ocrx_word' id='word_1_178' title='bbox 586 2712 660 2776; x_wconf 91' lang='lat' dir='ltr'>data</span> <span class='ocrx_word' id='word_1_179' title='bbox 676 2711 792 2796; x_wconf 88' lang='lat' dir='ltr'>pocula</span> <span class='ocrx_word' id='word_1_180' title='bbox 808 2711 930 2786; x_wconf 84' lang='lat' dir='ltr'>dextra,</span> 
     </span>
     <span class='ocr_line' id='line_1_30' title="bbox 101 2796 881 2883; baseline -0.006 -20"><span class='ocrx_word' id='word_1_181' title='bbox 101 2820 175 2863; x_wconf 92' lang='lat' dir='ltr'>cum</span> <span class='ocrx_word' id='word_1_182' title='bbox 192 2808 282 2883; x_wconf 88' lang='lat' dir='ltr'>pater</span> <span class='ocrx_word' id='word_1_183' title='bbox 298 2797 330 2859; x_wconf 94' lang='lat' dir='ltr'>in</span> <span class='ocrx_word' id='word_1_184' title='bbox 348 2797 461 2881; x_wconf 91' lang='lat' dir='ltr'>capulo</span> <span class='ocrx_word' id='word_1_185' title='bbox 479 2797 578 2882; x_wconf 85' lang='lat' dir='ltr'>gladii</span> <span class='ocrx_word' id='word_1_186' title='bbox 595 2797 744 2881; x_wconf 83' lang='lat' dir='ltr'>cognovit</span> <span class='ocrx_word' id='word_1_187' title='bbox 760 2796 881 2860; x_wconf 89' lang='lat' dir='ltr'>eburno</span> 
     </span>
     <span class='ocr_line' id='line_1_31' title="bbox 102 2882 902 2968; baseline -0.004 -21"><span class='ocrx_word' id='word_1_188' title='bbox 102 2884 195 2968; x_wconf 87' lang='lat' dir='ltr'>signa</span> <span class='ocrx_word' id='word_1_189' title='bbox 212 2882 262 2946; x_wconf 93' lang='lat' dir='ltr'>sui</span> <span class='ocrx_word' id='word_1_190' title='bbox 279 2882 404 2968; x_wconf 88' lang='lat' dir='ltr'>generis</span> <span class='ocrx_word' id='word_1_191' title='bbox 421 2882 606 2965; x_wconf 88' lang='lat' dir='ltr'>facinusque</span> <span class='ocrx_word' id='word_1_192' title='bbox 624 2882 763 2947; x_wconf 89' lang='lat' dir='ltr'>excussit</span> <span class='ocrx_word' id='word_1_193' title='bbox 780 2882 820 2946; x_wconf 92' lang='lat' dir='ltr'>ab</span> <span class='ocrx_word' id='word_1_194' title='bbox 838 2903 902 2946; x_wconf 85' lang='lat' dir='ltr'>ore.</span> 
     </span>
     <span class='ocr_line' id='line_1_32' title="bbox 102 2965 921 3054; baseline -0.004 -21"><span class='ocrx_word' id='word_1_195' title='bbox 102 2967 216 3054; x_wconf 88' lang='lat' dir='ltr'>effugit</span> <span class='ocrx_word' id='word_1_196' title='bbox 232 2968 286 3031; x_wconf 92' lang='lat' dir='ltr'>illa</span> <span class='ocrx_word' id='word_1_197' title='bbox 303 2990 427 3043; x_wconf 89' lang='lat' dir='ltr'>necem,</span> <span class='ocrx_word' id='word_1_198' title='bbox 445 2967 569 3032; x_wconf 90' lang='lat' dir='ltr'>nebulis</span> <span class='ocrx_word' id='word_1_199' title='bbox 588 2990 645 3052; x_wconf 92' lang='lat' dir='ltr'>per</span> <span class='ocrx_word' id='word_1_200' title='bbox 662 2967 802 3032; x_wconf 86' lang='lat' dir='ltr'>carmina</span> <span class='ocrx_word' id='word_1_201' title='bbox 817 2965 921 3031; x_wconf 85' lang='lat' dir='ltr'>motis.</span> 
     </span>
     <span class='ocr_line' id='line_1_33' title="bbox 144 3053 942 3137; baseline -0.004 -19"><span class='ocrx_word' id='word_1_202' title='bbox 144 3054 192 3118; x_wconf 85' lang='lat' dir='ltr'>At</span> <span class='ocrx_word' id='word_1_203' title='bbox 209 3053 343 3137; x_wconf 86' lang='lat' dir='ltr'>genitor,</span> <span class='ocrx_word' id='word_1_204' title='bbox 361 3074 554 3136; x_wconf 91' lang='lat' dir='ltr'>quamquam</span> <span class='ocrx_word' id='word_1_205' title='bbox 571 3053 707 3117; x_wconf 88' lang='lat' dir='ltr'>laetatur</span> <span class='ocrx_word' id='word_1_206' title='bbox 724 3053 840 3136; x_wconf 92' lang='lat' dir='ltr'>sospite</span> <span class='ocrx_word' id='word_1_207' title='bbox 857 3061 942 3128; x_wconf 91' lang='lat' dir='ltr'>nato,</span> 
     </span>
     <span class='ocr_line' id='line_1_34' title="bbox 102 3137 883 3223; baseline -0.006 -19"><span class='ocrx_word' id='word_1_208' title='bbox 102 3138 254 3204; x_wconf 90' lang='lat' dir='ltr'>attonitus</span> <span class='ocrx_word' id='word_1_209' title='bbox 271 3151 376 3202; x_wconf 88' lang='lat' dir='ltr'>tamen</span> <span class='ocrx_word' id='word_1_210' title='bbox 394 3149 442 3202; x_wconf 93' lang='lat' dir='ltr'>est</span> <span class='ocrx_word' id='word_1_211' title='bbox 458 3138 570 3223; x_wconf 88' lang='lat' dir='ltr'>ingens</span> <span class='ocrx_word' id='word_1_212' title='bbox 589 3137 768 3202; x_wconf 88' lang='lat' dir='ltr'>discrimine</span> <span class='ocrx_word' id='word_1_213' title='bbox 785 3158 883 3221; x_wconf 86' lang='lat' dir='ltr'>parvo</span> 
     </span>
     <span class='ocr_line' id='line_1_35' title="bbox 102 3222 892 3308; baseline -0.005 -19"><span class='ocrx_word' id='word_1_214' title='bbox 102 3224 256 3289; x_wconf 89' lang='lat' dir='ltr'>committi</span> <span class='ocrx_word' id='word_1_215' title='bbox 272 3223 412 3308; x_wconf 89' lang='lat' dir='ltr'>potuisse</span> <span class='ocrx_word' id='word_1_216' title='bbox 430 3224 529 3288; x_wconf 88' lang='lat' dir='ltr'>nefas.</span> <span class='ocrx_word' id='word_1_217' title='bbox 573 3223 661 3288; x_wconf 88' lang='lat' dir='ltr'>fovet</span> <span class='ocrx_word' id='word_1_218' title='bbox 677 3222 804 3308; x_wconf 80' lang='lat' dir='ltr'>ignibus</span> <span class='ocrx_word' id='word_1_219' title='bbox 822 3243 892 3286; x_wconf 88' lang='lat' dir='ltr'>aras</span> 
     </span>
     <span class='ocr_line' id='line_1_36' title="bbox 101 3307 927 3394; baseline -0.004 -20"><span class='ocrx_word' id='word_1_220' title='bbox 101 3309 349 3391; x_wconf 90' lang='lat' dir='ltr'>muneribusque</span> <span class='ocrx_word' id='word_1_221' title='bbox 368 3309 443 3373; x_wconf 89' lang='lat' dir='ltr'>deos</span> <span class='ocrx_word' id='word_1_222' title='bbox 461 3309 585 3394; x_wconf 89' lang='lat' dir='ltr'>implet,</span> <span class='ocrx_word' id='word_1_223' title='bbox 602 3307 783 3391; x_wconf 87' lang='lat' dir='ltr'>feriuntque</span> <span class='ocrx_word' id='word_1_224' title='bbox 801 3328 927 3372; x_wconf 89' lang='lat' dir='ltr'>secures</span> 
     </span>
     <span class='ocr_line' id='line_1_37' title="bbox 102 3393 862 3460; baseline -0.003 0"><span class='ocrx_word' id='word_1_225' title='bbox 102 3396 183 3460; x_wconf 90' lang='lat' dir='ltr'>oolla</span> <span class='ocrx_word' id='word_1_226' title='bbox 200 3406 305 3457; x_wconf 87' lang='lat' dir='ltr'>torosa</span> <span class='ocrx_word' id='word_1_227' title='bbox 322 3394 419 3457; x_wconf 93' lang='lat' dir='ltr'>boum</span> <span class='ocrx_word' id='word_1_228' title='bbox 436 3394 613 3458; x_wconf 91' lang='lat' dir='ltr'>vinctorum</span> <span class='ocrx_word' id='word_1_229' title='bbox 632 3414 750 3458; x_wconf 91' lang='lat' dir='ltr'>cornua</span> <span class='ocrx_word' id='word_1_230' title='bbox 767 3393 862 3458; x_wconf 89' lang='lat' dir='ltr'>vittis.</span> 
     </span>
     <span class='ocr_line' id='line_1_38' title="bbox 100 3478 816 3561; baseline -0.003 -17"><span class='ocrx_word' id='word_1_231' title='bbox 100 3481 208 3545; x_wconf 90' lang='lat' dir='ltr'>nullus</span> <span class='ocrx_word' id='word_1_232' title='bbox 226 3479 425 3544; x_wconf 82' lang='lat' dir='ltr'>Erechthidis</span> <span class='ocrx_word' id='word_1_233' title='bbox 442 3479 549 3561; x_wconf 68' lang='lat' dir='ltr'>fertur¹</span> <span class='ocrx_word' id='word_1_234' title='bbox 560 3478 746 3544; x_wconf 87' lang='lat' dir='ltr'>celebratior</span> <span class='ocrx_word' id='word_1_235' title='bbox 762 3478 816 3542; x_wconf 91' lang='lat' dir='ltr'>illo</span> 
     </span>
     <span class='ocr_line' id='line_1_39' title="bbox 101 3564 787 3649; baseline -0.001 -20"><span class='ocrx_word' id='word_1_236' title='bbox 101 3565 242 3630; x_wconf 90' lang='lat' dir='ltr'>illuxisse</span> <span class='ocrx_word' id='word_1_237' title='bbox 260 3565 336 3629; x_wconf 88' lang='lat' dir='ltr'>dies.</span> <span class='ocrx_word' id='word_1_238' title='bbox 381 3564 502 3649; x_wconf 85' lang='lat' dir='ltr'>agitant</span> <span class='ocrx_word' id='word_1_239' title='bbox 520 3564 666 3629; x_wconf 88' lang='lat' dir='ltr'>convivia</span> <span class='ocrx_word' id='word_1_240' title='bbox 683 3576 787 3649; x_wconf 86' lang='lat' dir='ltr'>patres</span> 
     </span>
     <span class='ocr_line' id='line_1_40' title="bbox 101 3648 893 3734; baseline -0.003 -19"><span class='ocrx_word' id='word_1_241' title='bbox 101 3665 131 3714; x_wconf 90' lang='lat' dir='ltr'>et</span> <span class='ocrx_word' id='word_1_242' title='bbox 149 3651 290 3715; x_wconf 91' lang='lat' dir='ltr'>medium</span> <span class='ocrx_word' id='word_1_243' title='bbox 308 3650 438 3734; x_wconf 89' lang='lat' dir='ltr'>vulgus;</span> <span class='ocrx_word' id='word_1_244' title='bbox 456 3672 515 3714; x_wconf 92' lang='lat' dir='ltr'>nec</span> <span class='ocrx_word' id='word_1_245' title='bbox 532 3672 597 3714; x_wconf 91' lang='lat' dir='ltr'>non</span> <span class='ocrx_word' id='word_1_246' title='bbox 614 3660 646 3715; x_wconf 90' lang='lat' dir='ltr'>et</span> <span class='ocrx_word' id='word_1_247' title='bbox 664 3649 803 3714; x_wconf 82' lang='lat' dir='ltr'>camnine</span> <span class='ocrx_word' id='word_1_248' title='bbox 819 3648 893 3714; x_wconf 89' lang='lat' dir='ltr'>vino</span> 
     </span>
     <span class='ocr_line' id='line_1_41' title="bbox 100 3734 976 3821; baseline -0.006 -19"><span class='ocrx_word' id='word_1_249' title='bbox 100 3737 264 3821; x_wconf 85' lang='lat' dir='ltr'>ingenium</span> <span class='ocrx_word' id='word_1_250' title='bbox 281 3735 416 3800; x_wconf 85' lang='lat' dir='ltr'>faciente</span> <span class='ocrx_word' id='word_1_251' title='bbox 434 3745 562 3800; x_wconf 88' lang='lat' dir='ltr'>canunt.</span> <span class='ocrx_word' id='word_1_252' title='bbox 607 3741 666 3811; x_wconf 90' lang='lat' dir='ltr'>‘te,</span> <span class='ocrx_word' id='word_1_253' title='bbox 685 3735 822 3798; x_wconf 89' lang='lat' dir='ltr'>maxime</span> <span class='ocrx_word' id='word_1_254' title='bbox 839 3734 976 3810; x_wconf 89' lang='lat' dir='ltr'>Theseu,</span> 
     </span>
     <span class='ocr_line' id='line_1_42' title="bbox 100 3818 900 3907; baseline -0.004 -22"><span class='ocrx_word' id='word_1_255' title='bbox 100 3823 213 3886; x_wconf 87' lang='lat' dir='ltr'>mirata</span> <span class='ocrx_word' id='word_1_256' title='bbox 231 3831 278 3886; x_wconf 87' lang='lat' dir='ltr'>est</span> <span class='ocrx_word' id='word_1_257' title='bbox 294 3819 467 3885; x_wconf 86' lang='lat' dir='ltr'>Marathon</span> <span class='ocrx_word' id='word_1_258' title='bbox 486 3818 613 3885; x_wconf 83' lang='lat' dir='ltr'>Cretaei</span> <span class='ocrx_word' id='word_1_259' title='bbox 631 3821 785 3907; x_wconf 86' lang='lat' dir='ltr'>sanguine</span> <span class='ocrx_word' id='word_1_260' title='bbox 802 3820 900 3884; x_wconf 84' lang='lat' dir='ltr'>tauri:</span> 
     </span>
     <span class='ocr_line' id='line_1_43' title="bbox 99 3903 922 3991; baseline -0.004 -21"><span class='ocrx_word' id='word_1_261' title='bbox 99 3908 248 3991; x_wconf 89' lang='lat' dir='ltr'>quodque</span> <span class='ocrx_word' id='word_1_262' title='bbox 266 3906 331 3970; x_wconf 87' lang='lat' dir='ltr'>suis</span> <span class='ocrx_word' id='word_1_263' title='bbox 349 3927 478 3971; x_wconf 89' lang='lat' dir='ltr'>securus</span> <span class='ocrx_word' id='word_1_264' title='bbox 496 3917 565 3971; x_wconf 89' lang='lat' dir='ltr'>arat</span> <span class='ocrx_word' id='word_1_265' title='bbox 582 3903 765 3990; x_wconf 87' lang='lat' dir='ltr'>Cromyona</span> <span class='ocrx_word' id='word_1_266' title='bbox 783 3905 922 3982; x_wconf 89' lang='lat' dir='ltr'>colonus,</span> 
     </span>
     <span class='ocr_line' id='line_1_44' title="bbox 98 3989 1013 4075; baseline 0 -20"><span class='ocrx_word' id='word_1_267' title='bbox 98 4015 216 4056; x_wconf 86' lang='lat' dir='ltr'>munus</span> <span class='ocrx_word' id='word_1_268' title='bbox 234 4011 376 4075; x_wconf 88' lang='lat' dir='ltr'>opusque</span> <span class='ocrx_word' id='word_1_269' title='bbox 394 4004 485 4056; x_wconf 90' lang='lat' dir='ltr'>tuum</span> <span class='ocrx_word' id='word_1_270' title='bbox 502 4002 560 4056; x_wconf 84' lang='lat' dir='ltr'>est.</span> <span class='ocrx_word' id='word_1_271' title='bbox 604 3991 698 4056; x_wconf 89' lang='lat' dir='ltr'>tellus</span> <span class='ocrx_word' id='word_1_272' title='bbox 716 3989 891 4075; x_wconf 83' lang='lat' dir='ltr'>Epidauria</span> <span class='ocrx_word' id='word_1_273' title='bbox 908 4013 965 4075; x_wconf 90' lang='lat' dir='ltr'>per</span> <span class='ocrx_word' id='word_1_274' title='bbox 984 4000 1013 4055; x_wconf 90' lang='lat' dir='ltr'>te</span> 
     </span>
     <span class='ocr_line' id='line_1_45' title="bbox 98 4076 893 4166; baseline -0.006 -22"><span class='ocrx_word' id='word_1_275' title='bbox 98 4077 291 4166; x_wconf 85' lang='lat' dir='ltr'>clavigeram</span> <span class='ocrx_word' id='word_1_276' title='bbox 308 4076 387 4143; x_wconf 90' lang='lat' dir='ltr'>vidit</span> <span class='ocrx_word' id='word_1_277' title='bbox 404 4076 541 4145; x_wconf 88' lang='lat' dir='ltr'>Volcani</span> <span class='ocrx_word' id='word_1_278' title='bbox 557 4076 746 4143; x_wconf 87' lang='lat' dir='ltr'>occumbere</span> <span class='ocrx_word' id='word_1_279' title='bbox 761 4076 893 4162; x_wconf 89' lang='lat' dir='ltr'>prolem,</span> 
     </span>
    </p>
   </div>
   <div class='ocr_carea' id='block_1_3' title="bbox 914 4173 951 4235">
    <p class='ocr_par' dir='ltr' id='par_1_3' title="bbox 914 4173 951 4235">
     <span class='ocr_line' id='line_1_46' title="bbox 914 4173 951 4235; baseline 0 -29"><span class='ocrx_word' id='word_1_280' title='bbox 914 4173 951 4235; x_wconf 46' lang='lat' dir='ltr'>a</span> 
     </span>
    </p>
   </div>
   <div class='ocr_carea' id='block_1_4' title="bbox 0 0 1298 4478">
    <p class='ocr_par' dir='ltr' id='par_1_4' title="bbox 0 0 1298 4478">
     <span class='ocr_line' id='line_1_47' title="bbox 0 0 1298 4478; baseline 0 0"><span class='ocrx_word' id='word_1_281' title='bbox 0 0 1298 4478; x_wconf 95' lang='lat' dir='ltr'> </span> 
     </span>
    </p>
   </div>
  </div>
 </body>
</html>
