2574 4478
278 231 645 290 rmrnuonrrrosnon
660 232 733 288 nm.
751 233 802 290 vr.
821 231 947 315 17-104.
1079 219 1119 288 91

100 356 167 423 illic
184 367 217 423 et
233 356 368 442 Tyrium
385 379 466 442 quae
484 379 623 443 purpura
640 357 737 422 sensit
753 362 867 421 ae‘num

100 443 231 519 texitur,
249 454 407 510 attenues
425 442 514 528 parvi
532 442 718 506 discriminis
735 442 881 506 umbrae:

101 529 207 612 qualis
224 528 265 592 ab
282 527 383 593 imbre
400 529 479 593 solet
494 528 652 613 percussis
669 527 787 591 solibus
805 548 896 592 arcus

99 614 230 697 inficere
247 613 368 699 ingenti
384 615 514 699 longum
533 613 714 677 curvamine
732 612 864 689 caelum,

100 699 135 764 in
154 720 217 782 quo
235 699 351 764 diversi
367 700 487 764 niteant
504 721 577 763 cum
593 699 678 762 mille
696 699 825 774 colores,
1138 719 1170 769 65

101 784 253 849 transitus
270 785 338 869 ipse
355 796 461 849 tamen
479 784 652 869 spectantia
667 783 788 848 lumina
805 783 899 849 fallit:

101 890 205 953 usque
223 870 302 934 adeo
320 870 406 953 quod
423 870 524 954 tangit
541 870 626 934 idem
643 880 705 945 est3
722 879 828 933 tamen
846 869 957 934 ultima
974 869 1101 935 distant.

100 955 167 1019 illic
185 965 216 1020 et
232 956 352 1020 lentum
369 955 430 1019 filis
447 955 626 1019 immittitur
643 977 766 1031 aurum,

101 1052 133 1105 et
152 1052 244 1105 vetus
261 1040 294 1104 in
311 1041 375 1105 tela
392 1041 558 1106 deducitur
575 1052 806 1124 argumentum.

102 1123 260 1212 Cecropia
276 1126 383 1189 Pallas
402 1126 565 1274 scopulum
583 1126 738 1190 Mavortis
756 1126 790 1189 in
807 1147 879 1190 arce
1137 1148 1170 1197 πο

1200 349 1207 379 l

100 1210 206 1359 pmgit
223 1223 254 1276 et
271 1211 432 1294 antiquam
472 1235 489 1276 e
507 1223 608 1276 terrae
625 1211 752 1275 nomine
768 1210 865 1275 litem.

123 1296 152 1360 is
171 1318 227 1361 sex
244 1297 395 1361 caelestes
412 1297 517 1361 medio
534 1297 611 1361 Iove
629 1297 756 1361 sedibus
775 1297 845 1360 altis

101 1393 240 1467 augusta
256 1382 411 1467 gravitate
429 1382 552 1459 sedent3
571 1404 628 1446 sua
646 1404 803 1466 quemque
822 1381 952 1446 deorum

99 1467 244 1532 inscribit
259 1466 365 1532 facies.
390 1468 476 1532 Iovis
494 1479 541 1533 cst
559 1468 673 1552 regalis
691 1468 810 1552 imag03

100 1564 185 1617 stare
203 1552 299 1617 deum
315 1553 420 1638 pelagi
436 1554 489 1618 lon
514 1575 596 1636 oque
612 1552 706 1618 ferire
724 1553 857 1617 tridente

99 1660 215 1723 aspera
232 1660 310 1702 saxa
327 1637 417 1714 facit,
434 1577 601 1722 medioque
619 1661 636 1702 e
654 1639 783 1702 vulnere
801 1638 870 1702 saxi

99 1722 249 1789 exiluisse
267 1723 397 1800 fretum,
415 1744 478 1807 quo
497 1725 628 1809 pignore
646 1724 784 1787 vindicet
800 1723 922 1787 urbem.

99 1819 133 1872 at
151 1808 212 1873 sibi
229 1808 284 1872 dat
301 1809 451 1893 clipeum,
469 1810 523 1873 dat
541 1820 651 1873 acutae
669 1808 807 1893 cuspidis
824 1808 958 1886 hastam,

99 1895 156 1958 dat
173 1894 298 1979 galcam
316 1894 410 1978 capiti
416 1918 425 1970 ;
444 1894 622 1958 defenditur
640 1894 751 1979 aegide
768 1906 892 1979 pectus:

97 1999 344 2064 percussamque
362 2002 420 2043 sua
438 1979 564 2043 simulat
581 1980 619 2044 de
638 1979 767 2064 cuspide
784 1990 899 2044 terram

99 2064 195 2129 edere
212 2085 285 2128 cum
303 2064 390 2129 bacis
407 2065 508 2129 fetum
525 2065 665 2130 canentis
683 2065 800 2141 olivae3

98 2149 271 2232 mirarique
289 2149 374 2215 deos.
418 2149 518 2234 operis
537 2150 680 2214 Victoria
696 2150 779 2213 finis.

97 2245 136 2300 ut
153 2246 259 2298 tamen
277 2235 428 2320 exemplis
444 2236 607 2320 intellegat
625 2236 749 2300 aemula
764 2234 883 2309 laudis·

98 2321 186 2403 quod
203 2320 339 2405 pretium
356 2332 461 2406 speret
477 2342 534 2406 pro
551 2331 618 2384 tam
634 2320 801 2385 furialibus
819 2319 914 2396 ansis,

98 2416 251 2488 quattuor
265 2406 298 2469 in
315 2418 420 2490 partes
437 2406 608 2471 certamina
625 2416 774 2488 quattuor
790 2405 878 2468 addit

98 2492 186 2555 clara
203 2491 306 2555 colore
324 2513 392 2567 suc,
410 2491 559 2557 brevibus
577 2490 725 2556 distincta
741 2490 862 2575 sigillis.

97 2575 280 2640 Threiciam
297 2576 474 2662 Rhodopen
492 2578 588 2641 babet
605 2576 740 2662 angulus
756 2598 839 2639 unus
857 2585 888 2638 et
905 2575 1074 2648 Haemum,

97 2683 185 2725 nunc
202 2662 324 2747 gelidos
341 2673 478 2740 montes,
497 2663 640 2726 mortalia
657 2683 788 2746 corpora
805 2660 974 2745 quondam,

97 2745 230 2811 nomina
247 2770 442 2813 summorum
460 2748 520 2813 sibi
537 2749 592 2831 qui
609 2748 747 2813 tribuere
765 2747 906 2811 deorum.

98 2834 199 2898 altera
215 2831 400 2919 Pygmaeae
418 2834 519 2898 fatum
535 2833 713 2898 miserabile
730 2832 839 2896 matris

97 2941 173 3004 pars
191 2918 296 2984 habet.
339 2919 422 2983 hanc
438 2920 520 2983 Iuno
538 2919 654 2982 victam
672 2918 841 2982 certamine
857 2917 948 2981 iussit

98 3027 169 3069 esse
186 3026 298 3089 gruem
315 3004 504 3089 populisque
521 3004 586 3068 suis
603 3003 741 3068 indicere
758 3003 886 3068 bellum.

96 3089 199 3175 pinxit
219 3100 250 3153 et
266 3090 450 3175 Antigonen
468 3112 578 3154 ausam
595 3089 783 3154 contendere
802 3089 960 3171 quondam

97 3197 173 3239 cum
191 3176 298 3260 magni
316 3186 458 3240 consorte
476 3175 576 3252 Iovis3
595 3196 690 3259 quam
708 3174 795 3258 regia
812 3175 893 3238 Iuno

97 3261 132 3324 in
150 3260 311 3325 volucrem
329 3261 431 3325 vertit.
474 3282 534 3326 nec
550 3260 670 3346 profuit
686 3259 768 3323 Ilion
784 3259 838 3323 illi

97 3345 327 3411 Laomedonve
344 3358 444 3431 pater,
463 3347 595 3432 sumptis
613 3346 690 3428 quin
708 3344 842 3409 candida
859 3343 970 3430 pennis

96 3431 168 3516 ipsa
186 3430 246 3494 sibi
262 3432 395 3516 plaudat
412 3432 585 3516 crepitante
603 3429 723 3495 ciconia
740 3440 849 3494 rostro.

96 3517 154 3598 qui
173 3527 317 3600 superest
334 3516 418 3581 solus
438 3515 579 3602 Cinyran
597 3517 693 3581 habet
709 3516 845 3600 angulus
862 3515 990 3579 orbum:

95 3602 188 3685 isque
206 3602 324 3686 gradus
342 3602 465 3687 templi,
483 3614 628 3667 natarum
645 3601 788 3665 membra
805 3623 944 3678 suarum,

97 3687 292 3772 amplectens
309 3709 451 3772 saxoque
468 3687 575 3752 iacens
591 3687 755 3752 lacrimare
772 3686 906 3750 videtur.

97 3772 211 3837 circuit
227 3783 383 3839 extremas
402 3773 479 3839 oleis
495 3772 658 3858 pacalibus
677 3794 758 3836 oras.

95 3857 124 3922 is
142 3858 256 3921 modus
275 3869 337 3934 est,
355 3859 521 3943 operisque
540 3881 597 3923 sua
614 3857 691 3923 facit
709 3857 820 3922 arbore
838 3856 943 3921 finem.

139 3942 287 4008 Maeonis
306 3944 426 4008 elusam
444 3944 589 4028 designat
605 3943 743 4029 imagine
760 3942 842 4006 tauri

96 4027 271 4118 Europam.
316 4051 427 4095 verum
448 4041 585 4107 taurum,
603 4030 683 4096 freta
700 4051 776 4094 vera
792 4039 931 4117 putares.
