2574 4478
265 188 630 248 METAMORPHOSEON
649 192 722 246 LIB.
740 193 788 247 VI.
808 192 951 248 634-721.

96 323 249 398 quattuor
265 313 318 380 ille
335 315 463 398 quidem
480 315 610 380 iuvenes
628 316 821 398 totidemque
839 328 960 382 crearat

96 400 257 466 femineae
275 402 376 465 sortis.
421 401 477 465 sed
495 411 563 465 erat
579 424 637 485 par
654 400 756 464 forma
774 402 917 479 duarum,

97 509 116 552 c
134 486 253 569 quibus
271 487 422 550 Aeolides
441 484 488 550 Oe
512 486 603 550 halus
621 498 651 550 te
669 487 803 570 coniuge
821 487 908 564 felix,

95 571 226 648 Procri,
244 571 318 636 fuit:
337 573 460 636 Boreae
478 509 599 636 loreas
617 571 821 654 Thracesque
839 575 1009 641 nocebant:

98 658 280 741 dilectaque
297 657 352 722 diu
370 658 469 723 caruit
488 658 566 721 deus
585 655 743 741 Orithyia,

99 743 178 808 dum
195 754 287 891 rogat
304 754 336 808 et
353 743 499 829 precibus
517 742 638 806 mavult
655 765 752 826 quam
770 743 888 809 viribus
906 745 963 810 uti.

98 840 149 892 ast
167 828 224 892 ubi
263 828 401 892 landitiis
419 828 525 913 agitur
541 827 633 903 nihil,
651 827 796 892 horridus
814 829 870 906 ira,

98 935 183 996 quae
202 913 293 978 solita
310 926 358 978 est
374 913 419 977 illi
435 913 631 995 nimiumque
650 913 821 978 domestica
838 927 942 991 vento

98 1006 147 1064 ‘et
165 999 291 1064 merito’
310 999 401 1062 dixit:
425 999 516 1082 ‘quid
534 999 618 1062 enim
635 1021 706 1062 mea
723 999 785 1063 tela
802 1000 924 1082 reliqui,

96 1085 265 1149 saevitiam
282 1096 314 1149 et
330 1085 412 1149 vires
428 1085 571 1166 iramque
589 1084 773 1166 animosque
790 1085 939 1162 minaces,
1001 1140 1002 1144 ,

98 1171 290 1254 admovique
305 1192 431 1272 preces,
448 1190 582 1253 quarum
600 1192 651 1233 me
670 1170 801 1234 dedecet
818 1173 912 1235 usus?

99 1267 176 1342 apta
193 1256 272 1319 mihi
288 1279 337 1319 vrs
355 1266 415 1320 est:
434 1256 466 1318 vi
482 1255 584 1319 tristia
600 1255 709 1319 nubila
727 1257 820 1339 pello,

98 1343 132 1405 vi
150 1341 232 1406 freta
249 1341 394 1404 concutio
412 1340 596 1424 nodosaque
613 1340 728 1404 robora
744 1353 832 1406 verto

98 1427 279 1509 induroque
297 1427 385 1490 nives
404 1437 435 1491 et
452 1435 550 1490 terras
568 1426 721 1510 grandine
739 1427 840 1510 puls0.

97 1513 185 1579 idem
203 1534 263 1597 ego
281 1534 354 1576 cum
371 1511 484 1575 fratres
501 1512 589 1575 caelo
607 1535 678 1574 sum
695 1523 807 1576 nactus
825 1525 934 1597 aperto

98 1599 189 1682 (nam
208 1597 286 1661 mihi
303 1619 433 1681 campus
450 1597 477 1660 is
495 1597 567 1680 est),
586 1607 672 1660 tanto
691 1598 849 1662 molimine
866 1599 978 1678 luctor,

98 1695 135 1748 ut
153 1684 277 1748 medius
294 1684 409 1748 nostris
427 1682 632 1747 concursibus
650 1683 773 1747 insonet
791 1684 907 1760 aether,

98 1770 293 1852 exiliantque
311 1769 397 1833 cavis
415 1768 483 1833 elisi
500 1767 638 1831 nubibus
655 1767 755 1853 ignes.

96 1856 185 1920 idem
203 1876 262 1939 ego
281 1875 354 1918 cum
372 1853 456 1918 subii
472 1875 614 1918 convexa
631 1852 787 1918 foramina
803 1865 916 1933 terrae,

97 1940 316 2025 supposuique
333 1939 424 2003 ferox
440 1938 512 2003 imis
530 1962 601 2003 mea
618 1951 708 2024 terga
725 1941 877 2015 cavernis,

97 2024 231 2090 sollicito
248 2025 364 2090 Manes
381 2035 546 2108 totumque
564 2025 751 2089 tremoribus
770 2025 888 2089 orbem.

95 2113 159 2176 hac
176 2133 237 2195 ope
255 2110 426 2176 debueram
443 2110 598 2174 thalamos
615 2110 756 2195 petiisse3
775 2132 926 2194 socerque

96 2219 163 2262 non
181 2196 318 2260 orandus
337 2206 404 2260 erat
421 2194 498 2259 mihi
515 2196 571 2260 sed
589 2196 753 2259 faciendus
770 2195 989 2262 Erechtheus?

96 2284 179 2347 haec
196 2282 317 2346 Boreas
336 2292 391 2346 aut
407 2280 456 2344 his
473 2303 537 2345 non
555 2281 704 2345 inferiora
721 2282 844 2345 locutus

97 2368 239 2434 excussit
256 2389 376 2451 pennas
381 2392 390 2444 3
410 2388 544 2450 quarum
561 2367 728 2430 iactatibus
746 2367 847 2430 omnis

96 2454 215 2518 adflata
233 2463 281 2517 est
297 2453 400 2528 tellus,
417 2455 580 2536 latumque
598 2451 776 2536 perhorruit
793 2473 919 2534 aequor.

96 2541 346 2626 pulvereamque
364 2537 490 2602 trahens
507 2561 564 2622 per
582 2560 705 2601 summa
723 2537 887 2600 cacumina
904 2539 1020 2622 pallam

96 2625 195 2690 verrit
212 2623 358 2698 humum,
376 2623 588 2708 pavidamque
604 2633 691 2686 metu
709 2622 843 2705 caligine
861 2635 962 2688 tectus

97 2709 270 2794 Orithyian
287 2732 397 2773 amans
414 2709 509 2772 fulvis
527 2708 724 2792 amplectitur
742 2709 809 2771 alis.

98 2797 176 2860 dum
194 2796 294 2871 volat,
313 2805 456 2858 arserunt
474 2793 585 2878 agitati
602 2793 713 2857 fortius
730 2793 831 2878 ignes.

96 2903 157 2946 nec
174 2881 262 2966 prius
281 2879 356 2943 a'e'rii
374 2901 484 2943 cursus
503 2878 677 2964 suppressit
694 2879 843 2956 habenas,

97 2990 196 3050 quam
215 2963 371 3029 Ciconum
388 2965 489 3028 tenuit
505 2964 639 3049 populos
658 2975 689 3028 et
706 2964 832 3028 moenia
848 2977 966 3051 raptor.

96 3052 161 3117 illic
179 3062 212 3116 et
228 3050 326 3135 gelidi
343 3049 481 3114 coniunx
498 3051 622 3113 Actaea
639 3050 765 3133 tyranni

99 3149 131 3202 et
149 3137 293 3222 genetrix
311 3137 396 3200 facta
414 3147 470 3210 est,
489 3145 596 3219 partus
615 3135 708 3199 enixa
724 3136 886 3220 gemellos,

97 3235 202 3288 cetera
220 3222 275 3304 qui
291 3221 416 3297 matris,
434 3243 553 3305 pennas
571 3220 721 3305 genitoris
739 3221 901 3286 haberent.

95 3332 161 3373 non
178 3320 286 3372 tamen
304 3307 361 3370 has
378 3329 442 3370 una
459 3317 634 3371 memorant
652 3329 724 3370 cum
743 3329 873 3391 corpore
890 3319 994 3372 natast

97 3395 261 3476 barbaque
279 3394 355 3457 dum
373 3391 474 3455 rutilis
492 3391 601 3456 aberat
618 3392 754 3456 subnixa
772 3392 902 3476 capillis,

95 3479 266 3564 implumes
285 3475 455 3560 Calaisque
472 3499 553 3561 puer
570 3477 727 3559 Zetesque
744 3477 881 3542 fuerunt.

95 3588 172 3629 mox
189 3564 307 3649 pariter
323 3585 446 3648 pennae
463 3564 524 3626 ritu
544 3584 675 3647 coepere
693 3563 858 3627 volucrum

96 3651 225 3735 cingere
243 3661 412 3732 utrumque
429 3649 528 3724 latus,
546 3649 663 3732 pariter
679 3649 848 3712 flavescere
867 3650 977 3714 malae.

97 3758 174 3822 ergo
193 3734 249 3799 ubi
267 3734 421 3798 concessit
439 3744 562 3818 tempus
579 3733 699 3817 puerile
716 3733 873 3810 iuventae,

96 3823 216 3886 vellera
234 3842 307 3884 cum
323 3819 445 3904 Minyis
463 3819 561 3882 nitido
580 3818 734 3883 radiantia
751 3819 825 3883 villo

96 3930 154 3991 per
171 3928 259 3970 mare
276 3927 340 3969 non
358 3915 468 3969 notum
485 3905 586 3990 prima
604 3903 721 3989 petiere
740 3903 855 3969 carina.

1060 176 1121 247 105

1139 427 1189 477 680
