2574 4478
233 263 599 322 METAMORPHOSEON
615 264 687 320 LIB.
706 266 756 322 IV.
775 264 918 322 aso-623.
1044 252 1086 318 69

61 387 217 454 bracchia
234 389 296 453 iam
315 398 442 454 restant.
487 410 568 472 quae
590 400 710 453 restant
736 389 884 454 bracchia
901 389 1012 466 tendit,
1103 410 1154 461 580

62 486 96 539 ct
114 474 253 539 lacrimis
269 497 327 560 per
344 475 448 539 adhuc
466 472 605 538 humana
621 474 792 539 fluentibus
810 496 866 539 ora

62 560 212 636 ‘accede‚
230 581 249 624 o
267 559 419 636 coniunx,
437 560 566 636 accede,
584 559 773 624 miserrima’
792 559 881 637 dixit,

63 646 221 729 ‘dumque
239 645 358 728 aliquid
376 656 520 730 superest
537 644 576 710 de
594 667 661 723 me,
678 667 729 709 me
746 656 857 730 tange,
874 668 1068 730 manumque

63 730 189 816 accipe,
208 730 284 793 dum
302 753 414 795 manus
432 741 489 806 est,
508 730 584 794 dum
600 752 664 794 non
681 740 784 794 totum
801 743 936 817 occupat
953 733 1067 816 anguis
1084 733 1136 779 -’

61 817 117 881 ille
136 815 264 899 quidem
282 815 351 879 vult
367 816 460 901 plura
476 816 577 899 loqui,
596 815 652 880 sed
669 817 778 900 lingua
795 828 925 901 repente
1103 838 1153 890 585

61 902 98 965 in
115 911 221 986 partes
239 912 287 966 est
303 900 378 965 fissa
395 901 489 978 duas,
506 923 566 966 nec
582 901 680 966 verba
697 901 815 965 volenti

62 986 242 1063 sufficiunt,
261 987 468 1070 quotiensque
487 986 609 1069 aliquos
627 998 717 1071 parat
735 987 828 1052 edere
847 997 988 1071 questus,

62 1072 184 1136 sibilatz
201 1071 284 1136 hauc
301 1072 347 1136 illi
364 1093 475 1137 vocem
492 1082 606 1137 natura
622 1071 758 1156 reliquit.

62 1158 152 1223 nuda
169 1180 266 1221 manu
283 1156 398 1222 feriens
416 1157 572 1222 exclamat
589 1171 718 1243 pectora
735 1158 873 1223 coniunx

63 1240 218 1318 ‘Cadma
236 1265 339 1319 mane,
357 1254 465 1326 teque,
482 1242 607 1319 infelix,
625 1242 674 1307 his
693 1266 774 1308 exue
791 1243 952 1309 monstris!
1103 1267 1154 1318 590

63 1326 199 1404 Cadme,
217 1327 294 1412 quid
311 1328 390 1392 hoc?
407 1327 463 1392 ubi
479 1328 555 1412 pes?
572 1328 628 1392 ubi
646 1340 720 1393 sunt
736 1328 900 1411 umerique
917 1352 1095 1414 manusque

62 1426 94 1478 et
113 1414 200 1478 color
217 1426 249 1478 et
265 1412 362 1479 facies
380 1423 425 1489 et,
445 1414 521 1477 dum
538 1413 660 1497 loquor,
678 1415 802 1478 omnia?
819 1436 876 1478 cur
893 1436 957 1479 non

61 1522 113 1565 me
132 1519 273 1583 quoque,
292 1499 456 1576 caelestes,
473 1499 506 1562 in
524 1499 659 1565 eandem
675 1499 795 1564 vertitis
813 1499 982 1586 angueml’

62 1586 196 1650 dixerat.
238 1585 292 1649 ille
310 1607 386 1650 suae
404 1584 565 1650 lambebat
582 1584 725 1670 coniugis
743 1607 799 1649 ora

60 1671 159 1755 inque
178 1670 264 1734 sinus
282 1692 385 1747 caros,
403 1670 501 1735 veluti
519 1680 736 1754 cognosceret,
753 1670 821 1734 ibat

61 1767 94 1820 et
112 1756 209 1819 dabat
227 1756 391 1840 amplexus
410 1766 600 1839 assuetaque
618 1756 699 1820 oolla
715 1756 853 1840 petebat.

60 1841 205 1924 quisquis
222 1841 311 1905 adest
328 1840 475 1923 (aderant
492 1841 636 1926 comites)
653 1851 797 1906 terretur.
841 1850 873 1905 at
889 1840 945 1908 illa

59 1927 185 1991 lubrica
200 1927 375 2011 permulcet
393 1927 510 1992 cristati
528 1927 609 1991 colla
626 1926 784 2003 draconis3

60 2028 92 2077 et
111 2012 216 2076 subito
234 2011 297 2076 duo
315 2023 389 2077 sunt
404 2012 574 2096 iunctoque
592 2013 751 2077 volumine
770 2021 910 2096 serpunt,

60 2099 163 2162 donec
181 2097 214 2162 in
232 2097 368 2182 appositi
383 2098 520 2163 nemoris
538 2097 664 2162 subiere
680 2097 827 2162 latebras.
1101 2120 1153 2172 600

59 2205 146 2248 nunc
165 2202 291 2265 quoque
308 2205 368 2248 nec
385 2183 513 2268 fugiunt
529 2183 690 2249 hominem
706 2206 766 2248 nec
783 2183 912 2248 vulnere
929 2182 1074 2250 laedunt:

59 2269 202 2353 quidque
219 2268 306 2353 prius
323 2269 455 2344 fuerint,
472 2268 589 2354 placidi
606 2268 777 2334 meminere
795 2268 957 2334 dracones.

103 2353 171 2420 Sed
189 2364 295 2418 tamen
312 2354 468 2419 ambobus
484 2376 595 2419 versae
613 2354 731 2419 solacia
747 2354 869 2419 formae
1030 2373 1149 2426 Perseus.

57 2463 178 2540 magna
194 2461 294 2523 nepos
304 2439 445 2516 dederat,
455 2461 550 2523 quem
559 2439 717 2505 debellata
735 2439 859 2505 colebat

56 2525 166 2601 India,
185 2546 280 2608 quem
297 2524 407 2610 positis
425 2524 605 2590 celebrabat
621 2525 747 2590 Achaia
764 2524 900 2609 templis.
1100 2548 1148 2598 605

58 2611 145 2675 solus
164 2609 362 2674 Abantiades
380 2610 421 2675 ab
439 2610 560 2695 origine
578 2621 682 2676 cretus
700 2610 811 2676 eadem

57 2695 205 2761 Acrisius
223 2705 380 2781 superest,
399 2695 454 2779 qui
470 2695 637 2760 moenibus
655 2706 761 2760 arceat
778 2695 865 2760 urbis

58 2781 231 2867 Argolicae
249 2792 420 2864 contraque
438 2780 533 2847 deum
551 2780 632 2846 ferat
650 2804 738 2846 arma
755 2803 920 2866 genusque

56 2889 122 2931 non
139 2876 230 2952 putet
247 2889 316 2932 esse
333 2867 430 2931 Iovis.
473 2888 578 2950 neque
596 2867 680 2931 enim
697 2866 783 2931 lovis
801 2889 870 2932 esse
888 2867 1021 2953 putabat

56 2951 193 3029 Persea,
211 2973 307 3035 quem
323 2952 432 3037 pluvio
449 2951 565 3017 Danae‘
583 2963 770 3038 conceperat
788 2975 875 3017 auro.
1099 2974 1149 3026 610

56 3060 133 3102 mox
151 3049 257 3102 tamen
275 3037 437 3102 Acrisium
454 3037 558 3120 (tanta
575 3048 623 3103 est
639 3038 819 3123 praesentia
836 3037 918 3124 veri)

56 3134 124 3188 tam
140 3123 275 3187 violasse
294 3122 404 3200 deum,
423 3144 518 3206 quam
535 3145 600 3187 non
618 3145 753 3209 agnosse
769 3135 917 3209 nepotem

55 3208 208 3294 paenitet.
250 3208 417 3293 impositus
434 3210 499 3272 iam
517 3210 604 3274 caelo
623 3219 671 3274 est
688 3209 780 3274 alter:
800 3220 832 3272 at
850 3210 930 3274 alter

56 3293 178 3379 viperei
194 3293 333 3359 referens
352 3294 487 3379 spolium
505 3294 709 3359 memorabile
727 3295 858 3358 monstri

55 3386 132 3445 ae'ra
149 3380 300 3464 carpebat
316 3392 461 3445 tenerum
479 3380 682 3445 stridentibus
700 3381 767 3444 alis.
1098 3400 1147 3451 615

55 3486 195 3549 cumque
212 3487 307 3549 super
325 3464 465 3550 Libycas
483 3464 583 3529 victor
600 3466 751 3550 penderet
768 3464 912 3543 harenas,

56 3550 223 3637 Gorgonei
241 3550 351 3635 capitis
368 3560 478 3635 guttae
496 3550 638 3615 cecidere
656 3560 814 3628 cruentae,

55 3660 135 3720 quas
153 3636 271 3699 humus
289 3645 436 3721 exceptas
454 3636 558 3700 varios
576 3636 726 3700 animavit
743 3636 776 3700 in
794 3659 929 3722 angues3

53 3723 140 3787 unde
159 3720 309 3803 frequens
326 3721 381 3785 illa
398 3731 446 3785 est
463 3720 641 3804 infestaque
659 3733 742 3786 terra
760 3722 908 3786 colubris.

52 3809 129 3873 inde
146 3830 205 3893 per
222 3807 413 3871 immensum
430 3807 532 3870 ventis
550 3806 747 3871 discordibus
766 3818 855 3871 actus
1096 3829 1146 3879 620

52 3915 140 3959 nunc
157 3894 235 3969 huc,
253 3914 338 3957 nunc
355 3893 444 3968 illuc,
463 3892 607 3976 exemplo
624 3892 718 3956 nubis
736 3913 874 3975 aquosae

51 3981 154 4046 fertur
172 3989 205 4044 et
223 4000 263 4042 ex
281 3977 344 4042 alto
362 3979 507 4042 seductas
525 3977 651 4042 aethere
668 3978 763 4063 longe

52 4067 217 4159 despectat
235 4073 334 4133 terras
351 4074 517 4153 totumque
535 4063 714 4155 supervolat
732 4063 849 4133 orbem.
