2574 4478
168 215 211 286 52
499 233 533 290 r.
552 232 857 292 ovrnnuasorus

102 375 152 427 570
171 369 204 422 at
222 378 423 443 quacumque
440 358 545 424 trabes
564 358 787 442 obstructaque
805 382 883 424 saxa
900 357 1061 439 tenebant,

170 466 321 529 spumeus
339 455 371 509 et
386 442 513 509 fervens
531 456 563 509 et
580 445 621 509 ab
639 443 729 509 obice
746 445 869 510 saevior
884 444 961 510 ibat.

170 551 244 594 ecce
262 530 415 595 cruentati
431 530 566 594 redeunt
583 541 629 606 et,
646 529 793 595 Bacchus
810 530 867 594 ubi
883 541 975 607 esset,

170 615 332 697 quaerenti
349 615 476 680 domino
493 614 657 679 Bacchum
675 615 792 680 vidisse
809 626 980 700 negarunt3

170 700 282 764 ‘hunc'
301 701 408 766 dixere
425 708 546 766 ‘tamen
564 701 710 765 comitem
727 701 946 784 famulumque
963 723 1127 768 sacrorum

102 804 152 854 575
171 786 326 870 cepimus'
344 797 376 850 et
393 787 521 850 tradunt
537 786 683 850 manibus
700 796 772 872 post
789 798 879 872 terga
895 787 1001 871 ligatis

170 893 260 936 sacra
278 871 329 935 dei
347 872 505 953 quendam
521 870 688 955 Tyrrhena
705 881 799 970 gente
818 882 970 936 secutum.

212 957 338 1041 Aspicit
355 957 439 1020 hunc
456 956 619 1021 Pentheus
637 956 750 1033 oculm,
769 978 848 1041 quos
865 957 913 1021 ira
929 957 1109 1024 tremendos

170 1041 302 1120 fecerat3
320 1052 352 1106 et
368 1062 561 1125 quamquam
577 1063 699 1127 poenae
715 1041 769 1105 vix
786 1053 929 1127 tempora
945 1043 1062 1122 differt,
1109 1080 1111 1086 ·

171 1135 206 1190 ‘o
223 1128 360 1213 periture
379 1139 496 1211 tuaque
514 1127 583 1191 aliis
601 1127 790 1192 documenta
808 1127 919 1192 dature

102 1231 154 1282 580
171 1214 291 1290 morte‚'
311 1213 355 1277 ait
371 1213 444 1278 ‘ede
462 1223 552 1277 tuum
570 1235 685 1277 nomen
702 1234 881 1296 nomenque
898 1224 1066 1298 parentum

172 1309 203 1362 et
220 1298 369 1384 patriam,
387 1297 545 1380 morisque
562 1297 637 1362 novi
655 1319 711 1362 cur
728 1319 818 1361 sacra
834 1298 1036 1382 frequentes!

171 1384 223 1448 ille
240 1394 328 1448 metu
345 1405 464 1448 vacuus
481 1390 613 1448 ‘nomen
629 1382 720 1446 mihi’
740 1383 819 1447 dixit
837 1383 996 1461 ‘Acoetes
1027 1384 1158 1450 (Bacchus
1169 1395 1192 1440 et

171 1469 273 1554 patria
289 1467 440 1533 Maeonia
457 1479 518 1544 est;
536 1467 647 1532 humili
665 1468 706 1533 de
722 1468 815 1554 plebe
832 1480 988 1554 parentes.
1051 1457 1168 1523 nautae.)

39 1636 40 1640 Ἰ
170 1576 235 1619 non
252 1554 343 1630 mihi,
361 1575 442 1637 quae
460 1553 530 1618 duri
548 1554 699 1630 colerent,
716 1564 807 1639 pater
824 1576 913 1631 arva,
931 1555 1067 1634 iuvenci,

104 1658 154 1708 585
173 1641 370 1725 lanigerosve
387 1661 516 1724 greges,
533 1661 597 1703 non
614 1640 679 1704 ulla
696 1649 838 1704 armenta
854 1639 990 1722 reliquit.

171 1747 293 1811 pauper
310 1724 426 1810 etipse
444 1725 518 1800 fuit,
535 1724 663 1807 linoque
681 1724 803 1789 solebat
820 1734 852 1789 et
868 1724 969 1789 hamis

173 1810 316 1894 decipere
334 1820 366 1873 05
383 1810 503 1874 calamo
521 1810 667 1874 salientes
685 1810 800 1875 ducere
817 1809 929 1894 pisces.

173 1919 223 1960 ars
240 1896 286 1959 illi
303 1917 362 1959 sua
379 1917 491 1959 census
510 1905 586 1959 erat.
630 1917 702 1960 cum
720 1896 858 1960 traderet
875 1907 985 1973 artem,

172 1980 305 2066 “accipe
322 2002 400 2064 quas
418 1980 535 2057 habeo,
554 1980 650 2044 studii
668 2002 830 2045 successor
847 1991 878 2045 et
895 1979 1018 2058 heres,''

104 2084 155 2133 500
174 2066 252 2131 dixit
270 2065 410 2151 “opesl’'
427 2066 626 2149 moriensque
643 2064 721 2128 mihi
738 2065 817 2129 nihil
833 2066 886 2129 ille
903 2066 1030 2149 reliquit

173 2162 297 2237 praeter
314 2172 427 2235 aquas:
445 2174 545 2215 unum
562 2150 623 2215 hoc
640 2172 768 2236 possum
787 2151 945 2236 appellare
963 2164 1140 2236 paternum.

172 2259 246 2302 mox
264 2258 324 2322 ego
329 2285 339 2315 ,
357 2259 397 2302 ne
415 2237 551 2322 scopulis
569 2236 730 2318 haererem
749 2258 872 2321 semper
889 2237 921 2301 in
938 2237 1050 2316 isdem,

173 2322 310 2388 addidici
327 2322 467 2407 regimen
486 2323 596 2387 dextra
612 2322 794 2386 moderante
812 2321 937 2386 carinae

172 2410 312 2484 flectere,
331 2418 363 2473 et
380 2405 515 2472 Oleniae
533 2407 619 2471 sidus
637 2407 775 2492 pluviale
793 2407 933 2492 capellae

105 2512 154 2562 505
172 2493 401 2578 Taygetenque
418 2493 615 2578 Hyadesque
632 2492 729 2556 oculis
747 2494 933 2574 Arctonque
950 2493 1058 2557 notavi

172 2589 399 2662 ventorumque
418 2579 528 2642 domos
546 2589 577 2642 et
593 2588 703 2662 portus
721 2577 880 2662 puppibus
898 2589 999 2663 aptos.

172 2665 253 2729 forte
270 2674 380 2749 petens
398 2663 518 2726 Delum
536 2661 637 2728 Chiae
654 2662 774 2727 telluris
793 2662 834 2726 ad
851 2683 922 2727 oras

173 2749 322 2834 applicor,
341 2759 372 2814 et
390 2749 507 2812 dextris
525 2748 665 2813 adducor
680 2748 773 2811 litora
788 2747 893 2824 remis,

173 2835 276 2918 doque
293 2834 379 2899 leves
397 2834 495 2897 saltus
512 2834 657 2916 udaeque
673 2832 824 2896 immittor
840 2833 986 2898 harenae.

106 2939 156 2989 600
173 2942 237 2984 nox
254 2919 310 2983 ubi
328 2929 514 3004 consumpta
532 2929 579 2982 est
609 2919 751 2997 (Aurora
776 2918 942 2983 rubescere
960 2919 1062 3005 primo

173 3008 472 3089 coeperat)‚exurgo
490 3003 661 3086 laticesque
678 3002 793 3068 inferre
811 3014 952 3069 recentes
1026 3086 1030 3092 Ι

173 3091 327 3155 admoneo
345 3101 546 3172 monstroque
564 3089 663 3165 uam,
681 3109 763 3171 quae
780 3089 874 3153 ducat
893 3089 932 3153 ad
950 3090 1063 3155 undas.

172 3177 240 3262 ipse
265 3176 342 3259 quid
367 3197 445 3237 aura
461 3173 538 3238 mihi
555 3173 676 3239 tumulo
693 3174 854 3258 promittat
871 3174 912 3238 ab
930 3175 993 3239 alto

172 3260 327 3346 prospicio
346 3258 538 3343 comitesque
555 3280 634 3323 voco
652 3270 823 3343 repetoque
842 3261 989 3323 carinam.

106 3366 154 3415 605
173 3347 347 3410 “adsumus
366 3343 445 3408 en!''
462 3344 564 3428 inquit
582 3345 737 3410 sociorum
754 3345 874 3429 primus
893 3342 1058 3430 Opheltes,

171 3442 269 3514 utque
287 3440 378 3515 putat
395 3430 546 3514 praedam
564 3430 686 3494 deserto
703 3439 814 3494 nactus
830 3429 864 3494 in
882 3452 969 3514 agre,

171 3517 313 3602 virginea
330 3537 464 3600 puerum
482 3514 569 3579 ducit
585 3537 642 3600 per
657 3513 749 3579 litora
765 3516 876 3579 forma.

171 3603 223 3666 ille
242 3623 327 3665 mero
345 3621 519 3683 somnoque
535 3600 642 3686 gravis
659 3601 794 3665 titubare
811 3601 935 3665 videtur

173 3687 288 3769 vixque
307 3686 405 3769 sequi.
449 3697 557 3770 specto
575 3686 694 3750 cultum
712 3686 889 3768 faciemque
907 3688 1121 3771 gradumquet

106 3792 155 3840 610
172 3772 217 3835 nil
233 3771 292 3847 ibi,
311 3772 396 3855 quod
415 3771 500 3836 credi
517 3781 624 3855 posset
640 3771 784 3846 mortale,
802 3771 958 3835 videbam.

173 3870 204 3921 et
221 3856 318 3932 sensi,
336 3868 367 3920 et
384 3857 450 3920 dixi
467 3856 559 3921 sociis
578 3858 687 3940 “quod
705 3879 822 3920 numen
839 3857 872 3919 in
888 3856 948 3919 isto

173 3962 302 4026 corpore
320 3941 374 4018 sit,
393 3942 517 4006 dubito:
536 3943 592 4006 sed
610 3962 739 4027 corpore
756 3964 874 4005 numen
892 3941 924 4003 in
941 3942 1001 4005 isto
1020 3953 1077 4007 est.

173 4025 316 4118 quisquis
336 4048 384 4109 es,
402 4049 421 4092 o
439 4026 547 4099 faveas
564 4025 742 4120 nostrisque
759 4025 919 4097 laboribus
938 4026 1039 4098 adsis:
