2574 4478
156 235 199 303 46
343 271 344 275 ’
447 280 449 285 ·
470 283 473 292 =
490 252 524 306 P.
543 251 667 310 OVIDII
683 251 846 310 NASONIS

158 373 306 441 saevitiae
322 373 530 459 flammaeque
548 377 667 453 minus,
685 378 790 442 minus
808 377 929 443 addidit
943 377 1025 445 irae:

157 462 221 526 tela
238 461 377 525 secunda
395 474 509 526 vocant
526 462 642 548 superi.
687 464 771 548 capit
787 464 842 528 illa
859 464 1050 549 domumque

157 547 253 610 intrat
270 547 483 632 Agenoream.
527 570 640 634 corpus
658 550 790 614 mortale
807 550 961 615 tumultus

157 653 221 696 non
238 632 311 697 tulit
329 632 483 697 aetherios
501 633 655 716 donisque
673 635 831 720 iugalibus
850 635 935 700 arsit.

90 735 141 786 310
158 717 361 802 imperfectus
379 718 484 784 adhuc
501 719 605 784 infans
623 720 791 805 genetricis
809 721 851 784 ab
869 722 940 784 alvo

158 804 297 889 eripitur,
315 803 481 904 patrioque
498 817 588 870 tener
604 803 647 887 (si
664 805 791 872 credere
808 806 941 892 dignum
958 806 1021 893 cst)

157 889 295 953 insuitur
311 890 423 955 temoni
440 900 646 974 maternaque
664 902 806 977 tempora
824 892 968 977 complet.

157 975 267 1039 furtim
284 974 374 1039 illum
391 975 500 1061 primis
518 977 578 1040 Ino
595 987 764 1042 matertera
783 977 872 1041 cunis

158 1060 285 1126 educat:
302 1060 376 1127 inde
396 1063 505 1126 datum
522 1063 681 1148 nymphae
698 1063 854 1148 Nyseides
872 1063 969 1129 antris

90 1165 139 1215 315
158 1147 324 1212 occuluere
342 1146 407 1210 suis
424 1146 578 1230 lactisque
596 1148 744 1213 alimenta
762 1149 886 1213 dedere.

200 1231 353 1316 Dumque
370 1255 409 1296 ea
426 1255 484 1317 per
500 1244 599 1297 terras
616 1233 706 1298 fatali
722 1234 793 1319 lege
811 1244 973 1320 geruntur,
1056 1252 1179 1308 53555355.

158 1328 290 1401 tutaque
308 1317 356 1382 bis
373 1318 473 1402 geniti
490 1329 564 1382 sunt
579 1319 772 1383 incunabula
788 1319 922 1385 Bacchi:

157 1404 238 1468 forte
256 1404 366 1468 Iovem
384 1415 574 1480 memorant,
592 1404 744 1469 diffusum
761 1416 902 1482 nectare,
921 1428 1012 1470 curas

158 1489 335 1574 seposuisse
352 1512 467 1574 graves
484 1511 648 1573 vacuaque
666 1491 803 1576 agitasse
819 1492 967 1556 remissos

25 1621 27 1624 >
90 1595 141 1646 820
158 1598 231 1639 cum
248 1575 371 1640 Iunone
388 1575 474 1640 iocos
493 1586 525 1641 et
542 1576 657 1641 ‘maior
673 1587 778 1642 vestra
795 1577 936 1662 profecto
954 1588 1012 1655 est,

26 4132 40 4199 i
66 4200 68 4205 .

158 1683 255 1743 quam
273 1682 355 1744 quae
373 1660 527 1747 contingit
543 1661 698 1726 maribus'
716 1662 833 1727 dixisse
852 1662 1032 1747 ‘voluptas'

158 1747 213 1811 illa
230 1758 335 1831 negat.
379 1746 512 1831 placuit,
530 1769 611 1831 quae
630 1747 671 1812 sit
688 1748 843 1812 sententia
860 1748 945 1812 docti

159 1854 310 1916 quaerere
327 1830 483 1897 Tiresiae:
511 1833 622 1898 Venus
639 1833 713 1897 huic
731 1844 798 1898 erat
814 1846 947 1916 utraque
963 1844 1049 1899 nota.

157 1940 232 1982 nam
250 1917 313 1982 duo
330 1939 519 2002 magnorum
537 1918 630 1982 viridi
647 1919 793 1984 coeuntia
810 1920 890 1983 silva

91 2023 140 2074 325
160 2025 291 2088 corpora
308 2015 490 2088 serpentum
508 2003 614 2068 baculi
631 2003 803 2070 violaverat
818 2006 897 2069 ictu:

159 2090 261 2173 deque
278 2089 346 2153 viro
363 2088 467 2154 factus
484 2087 657 2174 (mirabile)
674 2090 792 2154 femina
810 2102 930 2175 septem

158 2186 267 2260 egerat
284 2187 461 2240 autumnos.
505 2186 618 2241 octavo
634 2199 743 2240 rursus
762 2177 889 2241 eosdem

158 2261 237 2324 vidit
255 2271 287 2326 53
304 2267 366 2325 ‘est
383 2272 506 2326 vestrae
524 2261 551 2325 si
568 2272 656 2326 tanta
672 2261 813 2347 potentia
830 2260 964 2347 plagae,'

159 2346 239 2411 dixit
256 2353 305 2411 ‘ut
323 2347 459 2411 auctoris
477 2357 593 2413 sortem
610 2346 644 2412 in
661 2348 817 2412 contraria
834 2358 944 2420 mutet,

91 2453 141 2503 330
158 2455 243 2498 nunc
260 2453 387 2517 quoque
404 2454 461 2496 vos
478 2432 611 2498 feriam?
654 2434 811 2518 percussis
829 2431 987 2518 anguibus
1004 2431 1105 2499 isdem

158 2518 261 2582 forma
278 2517 365 2603 prior
381 2517 487 2595 rediit,
504 2518 707 2604 genitivaque
725 2518 811 2583 venit
826 2518 943 2603 imago.

158 2604 275 2669 arbiter
291 2603 344 2668 hic
360 2603 458 2688 igitur
474 2613 618 2689 sumptus
636 2604 677 2670 de
693 2603 748 2668 lite
765 2603 872 2669 iocosa

158 2689 243 2754 dicta
260 2688 346 2753 Iovis
364 2689 477 2754 firmat.
520 2689 649 2774 gravius
668 2687 818 2756 Saturnia
834 2689 916 2753 iusto

157 2797 217 2839 nec
233 2796 291 2860 pro
308 2774 440 2840 materia
457 2775 557 2840 fertur
573 2773 725 2851 doluisse,
743 2775 855 2860 suique

91 2880 140 2930 335
158 2860 271 2925 iudicis
288 2871 417 2926 aeterna
433 2860 595 2926 damnavit
611 2860 731 2926 lumina
747 2872 850 2927 nocte.

159 2956 192 3010 53
208 2956 301 3037 pater
316 2945 513 3032 omnipotens
529 2945 648 3030 (neque
665 2947 750 3012 enim
766 2947 840 3012 licet
855 2944 943 3011 irrita
960 2946 1111 3032 cuiquam

158 3032 244 3096 facta
260 3028 312 3097 dei
329 3031 442 3096 fecisse
460 3031 535 3115 deo)
551 3053 609 3117 pro
625 3032 745 3098 lumine
762 3032 910 3117 adempto

159 3117 238 3183 scire
255 3115 363 3182 futura
379 3116 467 3182 dedit
483 3138 682 3202 poenamque
698 3117 816 3182 levavit
832 3118 960 3183 honore.

201 3203 260 3268 Hle
301 3225 335 3268 er
352 3202 474 3268 Aonias
491 3203 579 3267 sama
596 3203 817 3269 celeberrimus
835 3204 930 3268 urbes
1025 3218 1176 3274 Narcissus.

91 3307 141 3358 340
158 3225 382 3373 inreprelensa
400 3287 496 3354 dabat
512 3289 630 3374 populo
647 3310 798 3374 responsa
814 3289 944 3374 petenti.

157 3375 260 3461 prima
276 3374 339 3439 fide
355 3374 505 3457 vocisque
521 3385 609 3439 ratae
627 3375 833 3460 temptamina
850 3373 983 3460 sumpsit

159 3460 285 3527 caerula
302 3459 447 3544 Liriope,
465 3480 561 3543 quam
578 3460 738 3543 quondam
754 3460 884 3529 flumine
902 3481 999 3525 curvo

157 3545 313 3631 implicuit
330 3545 519 3630 clausaeque
536 3543 601 3610 suis
620 3542 778 3632 Cephisus
795 3545 829 3609 in
845 3545 938 3610 undis

158 3631 225 3696 vim
241 3631 322 3695 tulit.
366 3629 460 3696 enixa
477 3641 525 3695 est
541 3641 631 3696 utero
649 3630 859 3717 pulcherrima
875 3633 969 3717 pleno

92 3733 142 3784 345
158 3715 326 3793 infantem,
342 3714 491 3803 nymphis
507 3715 572 3782 iam
589 3728 665 3783 tunc
681 3715 737 3801 qui
754 3727 861 3802 posset
877 3715 985 3794 amari,

159 3801 408 3888 Narcissumque
425 3811 526 3869 vocat
571 3801 610 3868 de
628 3823 692 3888 quo
710 3801 881 3877 consultus,
900 3826 941 3866 an
958 3814 1042 3869 essct

159 3897 223 3952 tem
248 3907 303 3952 ora
319 3898 461 3953 maturae
478 3887 604 3953 visurus
621 3887 717 3974 longa
735 3897 889 3965 senectae,

159 3904 308 4038 fatidicus
325 3984 413 4038 vates
432 3973 473 4038 ‘si
490 3994 604 4038 senon
621 3973 757 4039 noverit'
774 3971 885 4055 inquit.

140 4148 143 4153 Ι
159 4079 244 4125 vana
259 4056 316 4124 diu
331 4057 400 4126 visa
417 4071 463 4127 est
481 4080 544 4126 vox
561 4060 700 4150 auguris.
744 4057 846 4127 exitus
862 4058 951 4125 illam

109 4242 213 4265 mvn--
249 4256 254 4263 .
