2574 4478
272 334 637 394 METAMORPHOSEON
653 335 727 391 LIB.
744 335 825 390 XIII.
845 334 988 391 383-470.
1063 319 1125 386 223

102 459 233 524 inferias
251 458 375 544 inopes,
393 460 511 524 crinem
529 460 738 542 lacrimasque
755 458 891 541 reliquit.

145 545 222 619 Est,
240 545 295 608 ubi
314 544 411 608 Troia
428 545 502 621 fuit,
520 544 681 630 Phrygiae
699 544 855 610 contraria
871 543 964 608 tellus

102 629 256 695 Bistoniis
273 628 415 694 habitata
433 629 517 694 viris.
560 629 787 715 Polymestoris
805 629 868 693 illio

102 716 191 800 regia
209 715 298 779 dives
316 727 397 793 erat,
417 716 467 779 cui
486 725 517 780 te
536 715 691 779 commisit
709 714 858 779 alendum

102 801 199 876 clam,
218 799 377 885 Polydoro
382 846 392 875 ,
408 811 507 885 pater,
525 799 739 885 Phrygiisque
756 800 890 864 removit
907 798 948 863 ab
966 799 1075 864 armis:

102 885 269 950 consilium
288 885 427 970 sapiens,
446 886 572 949 sceleris
589 886 650 950 nisi
667 885 809 970 praemia
825 907 958 969 magnas

103 970 270 1035 adiecisset
288 992 378 1054 opes,
398 971 494 1034 animi
511 971 672 1035 irritamen
691 971 787 1034 avari.

102 1066 138 1119 ut
156 1056 270 1120 cecidit
286 1056 414 1120 fortuna
430 1055 611 1141 Phrygum,
630 1056 715 1140 capit
732 1055 847 1140 impius
865 1077 972 1121 ensem

102 1164 159 1205 rex
177 1141 339 1205 Thracum
356 1141 529 1225 iuguloque
548 1141 597 1205 sui
615 1140 740 1205 demisit
758 1141 890 1205 alumni:

103 1237 134 1291 et
152 1237 316 1310 tamquam
334 1225 400 1289 tolli
418 1248 491 1289 cum
509 1247 638 1310 corpore
656 1225 787 1291 crimina
804 1237 942 1310 possent,

103 1312 282 1376 exanimem
300 1310 429 1396 scopulo
447 1311 605 1376 subiectas
622 1311 707 1376 misit
724 1311 758 1375 in
775 1312 886 1375 undas.

102 1397 193 1461 litore
211 1396 357 1461 Thre'icio
376 1396 509 1460 classem
526 1397 674 1481 religarat
691 1397 833 1473 Atrides,

103 1482 179 1547 dum
198 1503 285 1546 mare
302 1492 465 1566 pacatum,
484 1482 560 1546 dum
577 1493 690 1548 ventus
709 1482 838 1546 amicior
855 1491 947 1547 esset.

102 1567 155 1632 hio
172 1567 288 1644 subit0,
306 1578 443 1650 quantus
462 1589 535 1631 cum
552 1567 672 1633 viveret
690 1590 758 1632 esse
776 1567 907 1644 solebat,

102 1652 169 1717 exit
186 1651 284 1716 humo
300 1651 364 1717 late
382 1664 476 1736 rupta
493 1653 665 1735 similisque
683 1653 816 1717 minanti
847 1692 855 1706 ·

102 1737 253 1824 temporis
270 1736 353 1801 illius
371 1737 495 1801 vultum
513 1738 670 1802 referebat
687 1738 840 1814 Achilles,

104 1845 168 1906 quo
187 1822 274 1886 ferus
292 1821 443 1886 iniustum
460 1818 551 1904 petiit
571 1821 816 1901 Agamemnona
832 1821 926 1894 ferro,

103 1907 394 1990 ‘immemores'que
412 1906 489 1971 ‘mei
506 1905 684 1983 disceditis,'
702 1907 820 1988 inquit,
840 1904 986 1970 ‘Achivit

103 1993 280 2076 obrutaque
298 2003 346 2058 est
363 2014 487 2057 mecum
505 1991 629 2056 virtutis
646 1992 749 2076 gratia
766 1992 912 2056 nostrae?

102 2102 143 2143 ne
161 2078 270 2143 facite!
289 2089 388 2160 utque
404 2100 511 2143 meum
528 2100 592 2141 non
611 2076 651 2141 sit
668 2077 735 2142 sine
753 2077 870 2140 honore
889 2075 1079 2160 sepulcmm,

102 2166 207 2248 placet
225 2162 386 2228 Achilleos
403 2173 540 2227 mactata
556 2161 723 2247 Polyxena
740 2161 875 2226 Manes'

105 2250 193 2314 dixit.
238 2259 283 2326 et,
300 2248 414 2312 immiti
431 2247 523 2313 sociis
541 2248 724 2333 parentibus
742 2247 883 2323 umbrae,

104 2345 195 2420 rapta
212 2334 284 2399 sinu
302 2332 426 2410 matris,
444 2355 541 2416 quam
556 2333 620 2396 iam
638 2355 736 2419 prope
754 2332 822 2396 sola
838 2332 977 2409 fovebat,

104 2419 192 2484 fortis
211 2430 242 2485 et
259 2419 370 2484 infelix
389 2430 420 2484 et
436 2420 508 2505 plus
526 2439 623 2501 quam
639 2419 757 2483 femina
774 2418 865 2502 virgo

106 2505 231 2570 ducitur
249 2504 290 2569 ad
307 2505 464 2570 tumulum
482 2504 612 2587 diroque
630 2504 665 2567 fit
681 2503 784 2568 hostia
801 2503 904 2567 busto.

106 2612 188 2675 quae
204 2612 327 2656 memor
344 2591 414 2675 ipsa
431 2589 494 2666 sui,
513 2601 682 2674 postquam
700 2588 880 2653 crudelibus
898 2586 960 2652 aris

105 2677 233 2741 admota
250 2686 298 2740 est
316 2675 475 2759 sensitque
493 2675 553 2739 sibi
570 2674 638 2740 fera
655 2695 745 2738 sacra
761 2673 875 2759 parari,

105 2774 204 2846 utque
221 2761 466 2847 Neoptolemum
483 2771 618 2826 stantem
636 2760 818 2842 ferrumque
835 2770 994 2824 tenentem

103 2847 200 2933 inque
219 2869 276 2912 suo
294 2846 373 2911 vidit
389 2846 539 2932 figentem
556 2845 677 2910 lumina
693 2846 795 2923 vultu,

104 2940 210 2998 ‘utere
227 2932 411 2997 iamdudum
429 2953 582 3016 generoso
601 2931 769 3017 sanguine’
788 2930 880 2995 dixit:

103 3019 208 3085 ‘nulla
224 3041 313 3082 mora
331 3027 391 3082 est:
409 3017 461 3081 vel
479 3029 514 3081 tu
530 3017 640 3102 iugulo
658 3017 709 3082 vel
726 3027 853 3101 pectore
870 3017 969 3081 telum

101 3105 207 3171 conde
224 3102 324 3169 meol'
342 3102 549 3188 iugulumque
567 3102 661 3166 simul
677 3114 851 3187 pectusque
868 3101 990 3167 retexit.

103 3190 241 3255 ‘scilicet
257 3187 343 3253 haud
360 3189 417 3253 ulli
434 3188 549 3253 servire
566 3187 733 3273 Polyxena
750 3188 880 3264 ferrem3

101 3275 192 3340 haud
211 3297 268 3359 per
284 3274 347 3339 tale
365 3295 488 3338 sacrum
505 3296 624 3338 numen
641 3273 806 3359 placabitis
824 3273 934 3337 ullum.

100 3383 190 3425 mors
210 3370 333 3423 tantum
349 3360 464 3425 vellem
480 3369 615 3424 matrem
632 3382 704 3424 mea
720 3359 830 3424 fallere
846 3369 961 3443 posset.

97 3456 207 3511 mater
224 3446 314 3510 obest
331 3445 506 3528 minuitque
524 3444 610 3510 necis
628 3443 705 3508 mihi
722 3445 849 3529 gaudia.
894 3444 1038 3526 quamvis

96 3554 168 3598 non
187 3554 259 3596 mea
276 3553 360 3596 mors
377 3530 437 3606 illi,
455 3553 565 3595 verum
582 3553 641 3595 sua
658 3529 724 3594 vita
741 3529 904 3595 tremenda
921 3541 978 3594 est.

96 3639 161 3682 vos
179 3617 286 3693 mod0,
303 3639 343 3680 ne
363 3615 492 3701 Stygios
510 3616 622 3680 adeam
639 3637 703 3681 non
720 3614 820 3681 libera
836 3614 962 3692 Manes,

96 3704 146 3769 ite
165 3702 291 3788 procul,
310 3701 337 3766 si
354 3701 437 3766 iusta
453 3711 537 3786 peto,
555 3711 705 3784 tactuque
723 3700 828 3765 viriles

97 3789 249 3875 virgineo
266 3797 425 3853 removete
443 3808 565 3850 manus.
610 3785 767 3872 acceptior
783 3785 838 3863 illi,

96 3874 247 3958 quisquis
265 3873 292 3937 is
310 3885 371 3948 est,
390 3894 485 3956 quem
503 3871 599 3936 caede
616 3894 688 3937 mea
704 3871 830 3956 placare
848 3869 974 3956 paratis,

94 3959 184 4025 liber
203 3959 261 4023 erit
278 3958 417 4044 sanguis.
460 3957 583 4040 siquos
601 3968 707 4022 tamen
725 3956 836 4021 ultima
852 3957 951 4021 nostri

96 4044 204 4110 verba
220 4055 349 4110 movent
366 4043 428 4109 oris
448 4039 582 4119 (Priami
599 4066 656 4108 vos
673 4043 739 4107 filia
755 4043 850 4127 regis,

93 4151 167 4197 non
186 4128 319 4216 captiva.
329 4137 443 4216 rogat),
453 4128 605 4216 genetrici
623 4150 737 4215 corpus
755 4127 929 4215 inemptum
