2574 4478
94 288 461 355 METAMORPHOSEON
472 298 545 353 LIB.
557 299 608 356 IV.
621 300 679 356 800.
693 301 751 356 801.
764 300 799 356 V.
812 291 905 356 1-82.
967 283 1008 351 75

76 433 233 507 rostquam
251 423 363 488 occidit
380 423 560 507 ferrumque
578 448 617 488 ex
636 446 705 489 osse
722 424 883 489 revulsum
900 434 958 502 est,

76 519 135 572 trat
152 520 184 572 et
201 508 319 592 positas
337 509 475 594 aspergit
492 532 548 573 san
593 511 645 573 ine
661 532 795 574 mensas.
1024 531 1058 581 40

79 615 155 658 vero
172 593 340 658 indomitas
359 595 492 659 ardescit
509 531 624 680 vulgus
641 595 674 658 in
691 595 763 671 iras,

76 701 120 763 ¹ue
138 679 306 754 coniciunt,
324 689 355 744 et
371 689 446 744 sunt
463 679 517 764 qui
534 676 664 765 Cephea
681 680 790 744 dicunt

84 785 202 850 genero
221 764 334 829 debere
352 765 442 829 mori.
486 767 542 829 sed
559 765 666 829 limine
684 765 760 830 tecti

76 862 112 915 at
131 847 280 934 Cepheus
297 860 428 915 testatus
445 851 558 933 iusque
575 850 732 933 fidemque

76 936 183 1019 itiique
202 935 291 1012 deos,
309 958 348 1000 ea
364 957 399 1000 se
415 936 600 1022 prohibente
617 936 745 1000 moveri.
1024 932 1063 1007 45'

76 1044 107 1086 aa
123 1020 231 1085 Pallas
249 1021 338 1086 adest
355 1032 387 1087 et
403 1022 540 1107 protegit
558 1021 668 1107 aegide
686 1022 814 1085 fratrem

76 1130 111 1171 ue
129 1106 261 1170 animos.
303 1117 371 1170 erat
387 1107 486 1170 ludus
503 1105 613 1180 Athis,
630 1128 724 1190 quem
741 1107 870 1172 flumine
888 1106 1003 1195 Gange

76 1239 77 1250 ,
95 1191 248 1255 Limnaee
261 1191 367 1256 vitreis
385 1191 544 1276 peperisse
561 1191 620 1255 sub
638 1192 730 1255 undis

76 1281 142 1354 ltur,
160 1276 306 1361 egregius
324 1275 439 1354 forma,
457 1297 554 1361 quam
571 1276 668 1342 divite
685 1278 772 1341 cultu

77 1362 146 1438 bat,
164 1362 213 1426 bis
231 1362 334 1426 adhuc
351 1361 472 1427 octonis
488 1361 612 1446 integer
628 1362 729 1439 annis,
1023 1385 1057 1435 50

76 1459 124 1511 tus
141 1447 338 1530 chlamydem
356 1446 500 1532 Tyriam,
518 1467 613 1531 quam
629 1447 744 1511 limbus
761 1449 870 1512 obibat

76 1556 121 1608 us3
140 1531 293 1596 ornabant
311 1543 420 1596 aurata
436 1532 564 1596 monilia
581 1533 706 1609 collum,

76 1617 186 1681 adidos
203 1639 310 1680 murra
327 1639 460 1681 curvum
477 1616 593 1682 crinale
611 1618 749 1702 capillos.

76 1703 191 1786 [uidem
207 1702 309 1767 iaculo
326 1702 470 1786 quamvis
488 1702 635 1766 distantia
651 1702 746 1768 misso

76 1811 90 1853 e
108 1788 219 1852 doctus
237 1799 316 1862 erat,
335 1787 391 1852 sed
408 1789 536 1853 tendere
553 1788 673 1852 doctior
690 1811 790 1853 arcus.

77 1895 204 1957 quoque
221 1873 306 1937 lenta
322 1895 418 1936 manu
435 1873 613 1937 flectentem
631 1895 748 1938 cornua
764 1874 901 1940 Perseus

76 1983 112 2036 e,
131 1958 185 2041 qui
200 1957 305 2021 media
321 1959 441 2042 positus
459 1959 602 2022 fumabat
617 1959 650 2022 in
669 1983 732 2036 ara,

76 2044 126 2108 rlit
143 2055 174 2108 et
191 2043 299 2108 fractis
317 2043 460 2107 confudit
476 2044 510 2108 in
526 2044 649 2108 ossibus
667 2065 730 2108 ora

94 2129 150 2193 ubi
166 2129 310 2192 laudatos
327 2129 495 2192 iactantem
512 2128 545 2191 in
564 2130 717 2214 sanguine
735 2129 841 2194 vultus

76 2215 145 2278 rius
163 2214 242 2278 vidit
259 2213 420 2298 Lycabas,
438 2213 650 2278 iunctissimus
667 2214 712 2278 illi

76 2323 146 2364 ¹mes
165 2309 196 2363 et
213 2299 279 2364 veri
296 2320 360 2362 non
377 2299 588 2363 dissimulator
604 2299 729 2375 amoris,

76 2408 158 2469 [uam
177 2385 353 2450 exalantem
371 2385 430 2448 sub
448 2385 560 2449 acerbo
578 2384 707 2448 vulnere
725 2384 822 2447 vitam

76 2470 167 2533 >ravit
183 2470 299 2546 Athin,
317 2491 396 2552 quos
413 2470 466 2534 ille
483 2469 658 2534 tetenderat
675 2491 765 2532 arcus

75 2556 100 2619 it
119 2565 150 2619 et
168 2561 307 2619 ‘mecum
323 2555 381 2618 tibi
399 2555 462 2618 sint
479 2553 662 2618 certamina'
681 2554 768 2629 dixit,

81 2641 213 2725 longum
230 2640 321 2725 pueri
337 2639 403 2703 fato
419 2640 591 2716 laetabere,
609 2660 672 2722 quo
689 2640 761 2724 plus

78 2727 128 2790 iae
146 2747 241 2808 quam
258 2725 361 2789 laudis
377 2725 496 2789 habes!
538 2724 617 2789 haec
634 2726 739 2789 omnia
755 2723 895 2788 nondum

76 2821 128 2875 rat:
147 2810 275 2874 emicuit
291 2830 389 2874 nervo
406 2810 598 2894 penetrabile
615 2810 726 2886 telum;

76 2916 188 2977 umque
205 2906 310 2959 tamen
329 2896 455 2959 sinuosa
472 2905 559 2960 veste
575 2895 734 2980 pependit.

76 2981 136 3044 tin
154 2981 237 3045 hunc
255 2981 374 3064 harpen
392 2991 563 3065 spectatam
581 2980 676 3045 caede
692 2979 848 3045 Medusae

76 3065 226 3130 sioniades
244 3066 405 3149 adigitque
421 3065 455 3129 in
472 3075 592 3150 pectus.
636 3065 735 3129 atille

76 3151 222 3226 moriens,
240 3151 338 3215 oculis
355 3150 415 3214 sub
431 3160 522 3215 nocte
539 3150 720 3214 natantibus
737 3160 815 3228 atra,

78 3236 214 3320 inspexit
230 3234 332 3299 Athin
349 3256 445 3318 seque
463 3235 627 3300 acclinavit
639 3235 682 3299 ad
692 3235 782 3300 illum

75 3321 112 3384 lit
122 3320 163 3383 ad
179 3319 295 3384 Manes
312 3320 437 3384 iunctae
454 3320 569 3384 solacia
586 3319 704 3384 mortis.

84 3405 246 3490 Syenites,
264 3405 390 3505 genitus
407 3405 563 3482 Metione,
581 3405 725 3471 Phorbas

76 3491 142 3575 ibys
160 3490 410 3575 Amphrmedon,
428 3491 512 3553 avidi
529 3491 721 3556 committere
738 3514 888 3579 pugnam,

76 3577 160 3652 uine,
178 3596 241 3658 quo
258 3575 320 3639 late
338 3575 430 3638 tellus
447 3575 624 3640 madefacta
640 3577 776 3661 tepebat,

76 3663 192 3726 derant
208 3659 297 3744 lapsi.
340 3661 540 3743 surgentibus
557 3660 676 3724 obstitit
692 3662 775 3725 ensis

76 3768 117 3812 ‚us
137 3745 246 3821 costis,
264 3746 372 3830 iugulo
390 3745 580 3810 Phorbantis
598 3747 737 3810 adactus.

76 3855 103 3895 ‚n
120 3830 295 3895 Actoriden
312 3829 462 3914 Erytum,
479 3830 531 3895 cui
546 3832 610 3895 lata
626 3831 770 3916 bipennis

76 3941 86 3981 1
104 3925 187 3991 erat,
205 3915 332 3979 hamato
349 3915 487 3979 Perseus
503 3915 582 4001 petit
598 3939 672 3980 ense
677 3940 686 3993 3
705 3916 760 3980 sed
778 3917 847 3982 altis

76 4012 150 4066 rtem
168 4001 266 4084 signis
284 4000 462 4083 multaeque
479 4000 511 4063 in
528 4001 666 4085 pondere
683 4023 805 4069 massae

76 4099 150 4155 item
167 4086 313 4152 manibus
330 4085 410 4151 tollit
427 4096 547 4152 cratera
564 4086 686 4153 duabus
