2574 4478
258 240 626 301 uurnuouruosuou
642 237 714 297 ms.
734 239 797 298 vu.
815 241 959 297 aerata.
1060 224 1120 293 113

95 373 194 455 idque
212 382 338 455 petunt;
357 368 557 455 pretiumque
574 367 684 432 iubent
701 366 768 430 sine
785 366 848 430 fine
865 366 993 451 pacisci.

95 459 153 522 illa
170 456 261 520 brevi
278 456 380 541 spatio
399 455 469 519 silet
486 469 517 518 et
535 454 680 517 dubitare
698 452 823 516 videtur

97 541 328 627 suspenditque
346 541 467 604 animos
484 540 558 603 ficta
575 539 730 624 gravitate
747 548 926 622 rogantum.

95 650 175 692 mox
192 626 248 691 ubi
265 626 404 711 pollicita
421 637 482 701 est,
501 632 579 708 ‘quo
598 625 639 688 sit
655 623 772 687 fiducia
788 623 888 686 maior

97 712 240 778 muueris
259 711 373 787 huius‚'
392 712 436 775 ait
453 710 522 792 ‘qui
539 721 660 774 vestras
678 709 834 774 maximus
853 730 932 772 aevo
950 720 997 774 est

98 800 167 862 dux
183 797 291 884 gregis
308 797 391 861 inter
407 818 496 870 oves,
515 817 618 880 agnus
635 794 843 858 medicamine
860 793 934 858 fiet!

96 884 243 970 protinus
259 881 432 947 innumeris
450 880 562 946 effetus
578 880 701 964 laniger
718 880 809 943 annis

97 968 269 1034 attrahitur
285 969 368 1032 flexo
386 967 504 1030 circum
522 988 601 1030 cava
618 979 761 1049 tempora
779 987 891 1029 comu:

98 1056 193 1119 cuius
210 1065 245 1117 ut
262 1052 442 1118 Haemonio
459 1051 633 1116 marcentia
649 1062 779 1136 guttura
797 1052 897 1115 cultro

95 1140 182 1204 fodit
200 1149 231 1203 et
248 1138 363 1223 exiguo
382 1137 553 1202 maculavit
570 1136 725 1221 sanguine
742 1136 871 1212 ferrum,

97 1225 244 1289 membra
261 1223 355 1287 simul
372 1223 502 1307 pecudis
520 1222 704 1304 validosque
722 1221 863 1286 venefica
880 1243 972 1285 sucos

96 1309 217 1395 mergit
233 1309 267 1372 in
285 1331 357 1373 aere
375 1330 462 1372 cavo.
506 1307 654 1370 minuunt
671 1329 711 1370 en
726 1307 865 1391 corporis
883 1318 980 1382 artus,

97 1415 281 1477 cornuaque
301 1405 438 1458 exurunt
453 1415 513 1457 nec
530 1414 593 1456 non
612 1415 685 1457 cum
703 1392 850 1456 cornibus
868 1414 977 1468 annos,

97 1492 131 1546 et
150 1494 238 1545 tener
255 1480 382 1543 auditur
398 1479 503 1544 medio
520 1478 644 1542 balatus
662 1483 756 1541 a‘e'no:

96 1588 160 1632 nec
177 1587 280 1641 mora,
298 1564 440 1628 balatum
457 1563 643 1627 mirantibus
662 1563 748 1627 exilit
766 1585 868 1647 agnus

95 1651 285 1734 lascivitque
303 1651 382 1734 fuga
398 1648 609 1731 lactantiaque
626 1648 726 1712 ubera
743 1649 876 1730 quaerit.

65 1796 68 1801 .
96 1737 281 1820 obstipuere
300 1747 386 1799 satae
403 1735 508 1811 Pelia3
526 1734 743 1818 promissaque
762 1746 929 1818 postquam

97 1821 272 1888 exhibuere
288 1821 398 1894 fidem,
417 1831 485 1884 tum
503 1841 578 1883 vero
596 1819 768 1903 impensius
786 1818 912 1882 instant.

96 1921 148 1972 ter
165 1908 242 1991 iuga
257 1906 409 1970 Phoebus
427 1905 516 1988 equis
533 1905 566 1967 in
584 1905 706 1969 Hibero
724 1904 852 1968 flumine
871 1905 982 1968 mersis

97 1994 293 2076 dempserat,
313 2003 343 2056 et
361 2002 475 2074 quarta
491 1990 646 2054 radiantia
663 2000 755 2053 nocte
773 1989 932 2053 micabant

96 2079 218 2153 sidera,
237 2099 310 2141 cum
327 2077 438 2161 rapido
456 2076 553 2140 fallax
571 2075 701 2138 Aeetias
719 2075 786 2158 igni

95 2163 233 2249 imponit
250 2185 366 2247 purum
383 2161 508 2226 laticem
526 2173 558 2224 et
576 2160 642 2223 sine
661 2160 779 2223 viribus
797 2160 922 2224 herbas.

95 2250 226 2333 iamque
243 2248 314 2312 neci
331 2247 440 2312 similis
458 2247 595 2310 resoluto
615 2266 744 2329 corpore
762 2269 871 2330 regem

97 2347 132 2400 et
150 2357 224 2398 cum
241 2356 317 2418 rege
335 2354 391 2397 suo
410 2332 556 2396 custodes
575 2353 703 2395 somnus
722 2330 869 2406 habebat,

96 2443 194 2503 quem
213 2418 366 2483 dederant
383 2429 495 2482 cantus
512 2417 718 2501 magicaeque
736 2416 877 2499 potentia
893 2416 1030 2500 linguae.

95 2506 252 2569 intrarant
269 2505 373 2568 iussae
392 2526 464 2567 cum
483 2500 636 2567 Colchide
654 2501 762 2564 limina
779 2513 872 2565 natae

96 2590 338 2672 ambierantque
356 2600 469 2652 torum.
515 2587 607 2671 ‘quid
624 2608 709 2650 nunc
728 2586 877 2650 dubitatis
894 2586 1029 2650 inertes?

97 2674 257 2760 stringite'
275 2674 319 2737 ait
337 2674 473 2758 ‘gladios
491 2685 693 2754 veteremque
710 2671 833 2736 haurite
851 2693 1005 2748 cruorem,

97 2773 135 2825 ut
151 2760 294 2845 repleam
312 2781 428 2823 vacuas
446 2759 584 2823 iuvenali
603 2757 756 2842 sanguine
774 2757 884 2822 venas!

96 2847 130 2910 in
147 2844 296 2908 manibus
313 2844 426 2909 vestris
444 2843 510 2907 vita
528 2855 575 2907 est
593 2856 742 2925 aetasque
760 2842 908 2929 parentis.

97 2931 124 2995 si
164 2931 243 2995 ietas
261 2930 326 2993 ulla
344 2940 405 3005 est,
423 2952 483 2994 nec
501 2951 572 3013 spes
591 2929 717 3013 agitatis
734 2928 855 3004 inausa,

97 2953 239 3080 oldbium
258 3026 415 3099 praestate
432 3014 515 3099 patri
532 3014 666 3095 telisque
684 3026 844 3078 senectam

98 3101 218 3186 exigite
236 3112 268 3164 et
284 3100 405 3164 saniem
423 3099 563 3163 coniecto
582 3099 714 3163 emittite
732 3099 836 3164 ferro!

96 3188 161 3264 his,
180 3195 216 3249 ut
233 3207 378 3268 quaeque
396 3185 450 3269 pia
467 3195 529 3261 est,
547 3184 722 3248 hortatibus
740 3185 838 3270 impia
855 3185 956 3270 prima
974 3195 1032 3261 est,

97 3284 129 3336 et
146 3295 188 3336 ne
206 3271 247 3335 sit
263 3271 429 3347 scelerata,
447 3269 524 3334 facit
542 3269 654 3333 scelus.
698 3269 784 3333 haud
802 3283 907 3355 tamen
924 3270 1004 3333 ictus

96 3358 162 3421 ulla
181 3378 256 3420 suos
274 3367 416 3440 spectare
434 3366 551 3439 potest,
571 3355 742 3438 oculosque
760 3356 926 3420 reflectunt

97 3463 256 3523 caecaque
274 3442 351 3504 dant
369 3441 471 3505 saevis
490 3463 619 3504 aversae
636 3441 768 3504 vulnera
786 3441 913 3504 dextris.

96 3528 164 3604 ille,
183 3548 294 3590 cruore
311 3527 428 3601 fluens,
446 3526 553 3589 cubito
571 3537 678 3589 tamen
697 3526 813 3590 allevat
830 3537 916 3589 artus

98 3612 326 3694 semilacerque
344 3623 411 3675 toro
429 3623 562 3694 temptat
580 3633 785 3695 consurgere,
804 3624 836 3675 et
852 3611 934 3675 inter

97 3711 143 3761 tot
160 3696 285 3760 medius
303 3697 424 3781 gladios
442 3696 593 3782 pallentia
610 3695 758 3761 bracchia
775 3697 906 3761 tendens

98 3783 191 3865 ‘quid
208 3781 327 3859 facitis,
345 3782 480 3867 gnatae?
497 3781 575 3863 quid
592 3803 648 3845 vos
666 3781 699 3844 in
717 3783 784 3845 fata
800 3781 939 3866 parentis

98 3867 232 3931 armat?
250 3867 303 3930 ait.
347 3868 488 3932 cecidere
506 3866 567 3929 illis
586 3867 746 3949 animique
764 3888 949 3950 manusque.

98 3954 190 4038 plura
207 3953 351 4017 locuturo
369 3975 441 4016 curn
459 3952 564 4016 verbis
582 3963 712 4036 guttura
730 3949 858 4016 Colchis

97 4037 240 4113 abstulit,
257 4050 289 4102 et
307 4038 416 4103 calidis
433 4037 584 4102 laniatum
602 4037 710 4102 mersit
727 4037 760 4102 in
778 4038 881 4104 undis.

148 4137 299 4185 arctata.
932 4138 951 4196 8
