2574 4478
141 259 145 262 ’
225 275 595 336 unrauoaauosnou
612 276 685 333 mu.
703 276 755 332 111.
774 277 919 333 eoo-eoa.
1039 261 1080 327 47

56 426 174 489 resque
191 403 306 489 probat
323 402 441 504 letique
458 426 559 490 genus
577 403 764 485 novitasque
782 401 906 467 furoris.
1100 419 1151 470 ³50

56 512 198 573 namque
215 500 263 555 ter
281 489 322 554 ad
340 511 453 573 quinos
471 512 571 554 unum
590 485 758 575 Cephisius
777 511 896 553 annum

58 577 241 654 addiderat,
259 585 447 662 poteratque
463 598 544 662 puer
561 575 748 659 iuvenisque
765 574 875 650 videri.

56 662 152 727 multi
169 661 259 727 illum
275 660 420 738 iuvenes,
438 661 556 726 multae
574 660 700 746 cupiere
718 661 856 746 puellae;

59 748 117 814 sed
134 747 197 812 fuit
213 747 247 811 in
265 757 373 812 tenera
390 758 456 811 tam
475 747 555 811 dura
572 745 721 832 superbia
737 747 853 811 forma:

58 833 140 899 nulli
156 833 247 898 illum
263 833 408 908 iuvenes,
426 833 532 897 nullae
549 832 681 918 tetigere
698 833 832 918 puellae.
1102 850 1150 900 855

59 918 174 1005 aspicit
192 919 277 983 hunc
295 919 433 1003 trepidos
452 918 624 1003 agitantem
641 918 674 982 in
690 917 771 984 retia
788 939 898 983 cervos
1052 932 1152 1001 (Echo.)

59 1005 180 1071 vocalis
197 1004 352 1089 nymphe,
370 1026 452 1088 quae
470 1026 530 1069 nec
546 1004 676 1070 reticere
693 1004 835 1086 loquenti

59 1113 121 1156 nec
138 1090 224 1176 prior
242 1090 311 1174 ipsa
328 1089 416 1172 loqui
434 1088 557 1166 didicit,
575 1089 760 1154 resonabilis
778 1089 879 1154 Eeho.

60 1198 179 1261 corpus
197 1175 301 1240 adhuc
318 1174 424 1252 Echo,
442 1196 507 1239 non
523 1195 586 1240 vox
604 1187 680 1240 erat.
724 1184 879 1240 ettamen
897 1196 991 1239 usum

60 1262 191 1348 garrula
208 1282 272 1325 non
290 1261 401 1338 alium,
420 1281 516 1344 quam
533 1283 619 1326 nune
635 1261 747 1339 habet,
765 1261 827 1326 oris
844 1260 992 1337 habebat,
1103 1279 1153 1329 860

60 1347 195 1414 reddere
213 1347 253 1411 de
270 1346 377 1410 multis
394 1357 430 1411 ut
447 1346 545 1412 verba
561 1346 733 1413 novissima
750 1357 867 1433 posset

60 1434 182 1499 fecerat
198 1431 260 1497 hoo
277 1432 369 1508 Iuno,
388 1432 476 1516 quia,
495 1453 568 1496 cum
586 1432 779 1518 deprendere
797 1443 904 1519 posset

62 1541 137 1585 cum
154 1518 232 1583 Iove
250 1540 344 1602 saepe
363 1539 420 1581 suo
436 1517 593 1604 nymphas
610 1517 643 1582 in
661 1529 767 1585 monte
784 1519 932 1596 iacentes,

61 1605 116 1669 illa
135 1604 229 1668 deam
245 1603 341 1688 longo
359 1602 497 1688 prudens
516 1625 659 1668 sermone
676 1604 813 1682 tenebat,

62 1690 140 1755 dum
157 1688 306 1774 fugerent
322 1688 492 1774 nymphae.
535 1699 704 1774 postquam
722 1687 872 1756 Saturnia
889 1688 996 1765 sensit,

63 1774 188 1840 ‘huius'
207 1774 250 1839 ait
266 1773 425 1860 ‘linguae,
444 1795 508 1857 qua
524 1797 595 1839 sum
613 1775 737 1852 delusa,
755 1785 895 1861 potestas

61 1883 164 1948 parva
181 1859 240 1924 tibi
257 1859 385 1924 dabitur
402 1860 552 1943 vocisque
569 1860 773 1926 brevissimus
791 1861 898 1926 usus:'

62 1967 162 2029 reque
178 1946 281 2010 minas
298 1946 412 2011 firmat.
456 1957 562 2010 tamen
579 1945 658 2011 baec
675 1947 707 2010 in
724 1946 787 2012 fine
804 1946 954 2031 loquendi

62 2031 240 2119 ingeminat
256 2053 350 2096 voces
368 2031 538 2115 auditaque
556 2031 654 2096 verba
671 2043 819 2117 reportat.

63 2138 141 2202 ergo
159 2117 217 2181 ubi
232 2116 417 2182 Narcissum
435 2139 493 2202 per
510 2117 602 2182 devia
618 2141 693 2181 rura
710 2128 879 2203 vagantem

63 2203 144 2268 vidit
161 2213 194 2268 et
210 2202 355 2280 incaluit,
374 2202 518 2285 sequitur
535 2202 669 2288 vestigia
686 2203 809 2268 furtim:

64 2310 193 2373 quoque
211 2287 313 2373 magis
331 2288 482 2372 sequitur,
499 2288 627 2352 flamma
643 2290 789 2373 propiore
808 2288 945 2366 calescit,

63 2397 128 2439 non
147 2373 248 2450 aliter,
266 2395 361 2457 quam
380 2395 453 2437 cum
470 2375 601 2438 summis
619 2375 793 2438 circumlita
810 2375 912 2439 taedis

64 2461 209 2525 admotas
226 2459 352 2545 rapiunt
369 2459 493 2523 vivacia
510 2460 663 2545 sulphura
679 2461 832 2525 flammas.

64 2568 83 2610 0
100 2545 249 2629 quotiens
267 2544 367 2608 voluit
385 2544 507 2609 blandis
526 2546 675 2611 accedere
694 2546 785 2611 dietis

65 2642 96 2696 et
112 2631 226 2696 molles
244 2630 394 2695 adhibere
410 2630 535 2716 preces!
553 2642 667 2695 natura
684 2642 841 2717 repugnat

64 2739 123 2782 nec
141 2716 231 2792 sinit,
248 2716 387 2802 incipiat.
431 2716 501 2791 sed,
520 2716 606 2800 quod
623 2716 710 2793 sinit,
728 2717 783 2781 illa
800 2727 911 2802 parata
929 2728 976 2782 est

65 2813 234 2888 expectare
252 2823 359 2877 sonos,
378 2802 419 2865 ad
436 2822 516 2884 quos
533 2824 591 2866 sua
608 2803 706 2867 verba
722 2804 869 2867 remittat.

64 2888 145 2953 forte
162 2909 254 2973 puer,
272 2887 423 2951 comitum
441 2887 590 2954 seductus
609 2888 650 2951 ab
668 2887 794 2973 agmine
811 2888 887 2966 fido,

65 2974 189 3039 dixerat
206 2973 329 3055 ‘ecquis
348 2972 482 3049 adesti',
499 2984 531 3037 et
549 2973 664 3037 ‘adest’
683 2976 888 3059 responderat
904 2974 1004 3039 Echo.

64 3058 114 3124 hic
133 3068 241 3143 stupet
259 3070 354 3141 atque
372 3057 472 3123 aoiem
490 3069 595 3143 partes
614 3058 743 3123 dimittit
759 3060 793 3124 in
811 3083 929 3125 omnes.

64 3166 141 3210 voce
160 3142 263 3208 ‘veni'
281 3166 399 3230 magna
416 3144 540 3209 clamat.
584 3155 677 3209 vocat
693 3145 747 3209 illa
764 3158 941 3212 vocantem.

63 3229 206 3315 respicit,
225 3240 257 3294 et
273 3251 383 3294 rursus
400 3229 487 3293 nullo
505 3229 650 3294 veniente
667 3230 772 3314 ‘quid'
790 3232 892 3315 inquit

64 3323 128 3380 ‘me
147 3314 266 3400 fugis?'
285 3329 317 3379 et
334 3313 480 3391 totidem,
498 3326 576 3399 quot
593 3314 685 3416 dixit,
704 3317 801 3381 verba
817 3319 951 3403 recepit,

63 3401 407 3562 diligibili?
420 3401 732 3570 litttttttttttt
743 3424 897 3569 {lita

63 3592 257 3658 responsura
273 3592 351 3635 sono
368 3572 545 3636 ‘coeamus’
564 3572 683 3637 rettulit
700 3572 791 3638 Echo

63 3668 93 3722 et
110 3656 219 3722 verbis
237 3656 324 3722 favet
340 3655 411 3743 ipsa
428 3656 509 3733 suis,
527 3679 716 3743 egressaque
734 3659 814 3723 silva

61 3741 143 3820 ibat,
160 3752 199 3808 ut
215 3740 347 3808 iniceret
364 3754 489 3828 sperato
506 3742 654 3807 bracchia
672 3743 762 3808 collo.

61 3828 113 3894 ille
131 3827 218 3915 fugit
235 3827 425 3913 fugiensque
443 3833 570 3892 ‘manus
589 3829 805 3914 complexibus
823 3828 926 3894 aufert

61 3914 150 3980 unte'
170 3913 217 3978 ait
235 3914 393 3990 ‘emoriar,
412 3935 508 3997 quam
526 3914 567 3978 sit
583 3913 641 3978 tibi
659 3915 750 3999 eopia
766 3915 885 3979 nostri?

61 3999 181 4067 rettulit
197 3999 255 4065 illa
271 3998 350 4064 nihil
366 3999 428 4065 nisi
446 4000 502 4063 ‘sit
519 3999 576 4063 tibi
594 3999 685 4085 eopia
702 3999 828 4065 nostril’

61 4097 167 4175 spreta
182 4086 264 4153 latet
281 4080 368 4151 silvis
384 4085 635 4172 pudibundaque
651 4085 816 4151 frondibus
834 4108 890 4153 ora
