2574 4478
169 246 234 323 363
504 262 859 323 eorrnnmsoms

169 389 318 474 quodque
335 386 437 475 magis
452 387 567 453 mirum
585 399 642 466 est,
661 400 743 464 sunt,
761 390 816 473 qui
834 410 899 453 non
912 411 1045 475 corpora
1057 399 1192 470 tontum,

169 497 280 541 verum
297 474 418 539 animos
436 474 531 539 etiam
549 475 677 539 valeant
692 486 829 550 mutare,
847 474 995 558 liquores.

169 560 221 626 cui
237 582 301 624 non
319 560 428 626 audita
445 570 493 625 est
510 559 665 625 obscenae
684 558 839 625 Salmacis
857 560 961 625 undae

102 642 153 715 320
170 645 408 729 Aethiopesque
426 645 533 710 lacus?
559 665 639 728 quos
657 645 683 709 si
701 646 772 728 quis
789 645 935 710 faucibus
953 645 1069 726 hausit,

170 743 225 795 aut
242 730 332 806 furit,
351 741 406 794 aut
422 729 540 815 patitur
556 729 672 794 mirum
689 731 843 814 gravitate
862 752 1016 814 soporem.

171 815 302 881 Clitorio
320 815 511 898 quicumque
529 815 613 879 sitim
632 816 670 879 de
688 815 776 879 fonte
792 815 919 894 levavit,

169 901 243 966 vina
260 901 343 986 fugit
360 901 541 987 gaudetque
558 900 653 965 meris
671 900 843 964 abstemius
860 900 968 966 undis:

170 1009 226 1051 seu
244 986 291 1050 vis
310 995 358 1052 est
374 987 407 1049 in
425 1008 509 1069 aqua
527 985 628 1050 calido
646 986 801 1050 contraria
818 984 902 1062 vinc,

103 1094 152 1143 325
171 1072 253 1149 sivo,
270 1072 355 1156 quod
371 1071 539 1170 indigenae
556 1082 745 1147 memorant,
763 1071 967 1155 Amythaone
984 1083 1089 1151 natus,

170 1156 337 1222 Proetidas
355 1167 503 1221 attomtas
520 1168 689 1241 postquam
705 1178 763 1240 per
780 1178 907 1221 carmen
925 1168 957 1222 et
973 1157 1089 1223 herbas
1184 1225 1186 1231 ,

171 1243 286 1328 eripuit
301 1242 406 1319 furiis,
424 1240 613 1327 purgamina
629 1241 742 1305 mentis
760 1241 794 1304 in
810 1242 880 1306 illas

170 1328 256 1393 misit
274 1349 387 1410 aquas,
406 1327 576 1409 odiumque
593 1326 671 1390 meri
689 1327 862 1410 permansit
878 1326 912 1390 in
929 1329 1032 1393 undis.

170 1412 244 1477 huic
260 1413 330 1477 fluit
347 1412 462 1477 effectu
481 1412 587 1495 dispar
603 1410 794 1495 Lyncestius
812 1413 923 1488 amnis,

42 1571 43 1575 ,
103 1522 153 1570 330
170 1520 264 1582 quern
282 1497 474 1581 quicumque
492 1518 604 1580 parum
621 1496 783 1560 moderato
800 1508 928 1597 gutture
946 1499 1053 1575 traxit,

170 1583 255 1648 haud
274 1583 363 1647 aliter
380 1581 508 1657 titubat,
526 1601 622 1663 quam
640 1581 666 1644 si
683 1604 770 1645 mera
788 1605 862 1647 vma
879 1583 1019 1648 bibisset.

171 1679 219 1734 est
235 1669 323 1731 lacus
340 1666 499 1730 Arcadiae
516 1665 684 1748 (Pheneon
702 1667 809 1731 dixere
826 1667 961 1752 priores)

172 1753 328 1837 ambiguis
346 1763 510 1837 suspectus
528 1750 632 1834 aquis,
651 1773 730 1835 quas
748 1762 840 1817 nocte
857 1753 966 1819 timeto
971 1777 981 1832 3

171 1848 263 1902 nocte
280 1848 395 1902 nocent
411 1846 518 1921 potae:
537 1837 604 1901 sine
621 1858 706 1901 noxa
722 1837 793 1902 luce
810 1837 971 1903 bibuntur.

103 1946 153 1995 335
171 1924 216 1988 sic
233 1923 310 1986 alias
328 1922 467 2006 aliasque
483 1922 571 1986 lacus
590 1933 621 1987 et
637 1922 769 1987 fiumina
786 1922 867 1988 vires

171 2007 361 2094 concipiunt.
405 2018 593 2092 tempusque
611 2007 685 2084 fuit,
704 2029 768 2091 quc
786 2009 874 2073 navit
890 2008 924 2073 in
941 2009 1049 2076 undis:

170 2115 255 2159 nunc
273 2093 361 2158 sedet
378 2091 523 2179 Ortygie.
567 2093 672 2157 timuit
689 2094 894 2159 concursibus
911 2095 1003 2180 Argo

170 2179 328 2243 undarum
345 2201 470 2263 sparsas
489 2177 721 2264 Symplegadas
740 2180 897 2254 elisarum,

171 2286 253 2348 quae
270 2286 355 2328 nunc
371 2264 519 2327 immotae
537 2275 678 2348 perstant
696 2265 861 2348 ventisque
878 2265 1036 2330 resistunt.

104 2371 154 2421 343
171 2371 230 2414 nec
247 2369 329 2431 quae
346 2349 523 2434 sulphureis
542 2350 630 2414 ardet
647 2349 842 2426 fornacibus,
860 2350 968 2415 Aetna

169 2435 264 2520 ignea
281 2456 405 2520 semper
423 2435 494 2500 erit:
513 2456 615 2518 neque
634 2435 715 2499 enim
734 2434 795 2499 fuit
812 2435 907 2520 ignea
924 2459 1058 2523 semper.

170 2544 245 2584 nam
263 2520 329 2585 sive
347 2531 395 2585 est
412 2520 527 2583 animal
545 2520 637 2584 tellus
656 2530 686 2583 et
703 2519 781 2584 vivit
798 2520 957 2605 habetque

171 2605 361 2690 spiramenta
377 2605 454 2677 locis
472 2607 632 2669 flammam
650 2606 808 2669 exalantia
824 2606 947 2671 multis:

170 2691 310 2775 spirandi
328 2702 450 2755 mutare
467 2691 549 2767 vias,
567 2690 775 2774 quotiensque
793 2703 947 2768 movetur,

104 2798 152 2847 345
171 2776 228 2840 has
245 2776 335 2840 finire
353 2786 469 2862 potest,
487 2777 555 2840 illas
574 2776 695 2860 aperire
712 2798 878 2853 cavernas3

171 2861 237 2926 sive
253 2862 340 2926 leves
357 2860 428 2925 imis
446 2861 532 2926 venti
549 2861 734 2925 cohibentur
750 2860 784 2925 in
801 2863 908 2938 antris,

171 2969 311 3030 saxaque
329 2969 401 3010 cum
420 2947 503 3010 saxis
521 2957 553 3011 et
569 2946 737 3012 habentem
757 2947 878 3012 semina
894 2948 1041 3015 flammae

170 3032 333 3096 materiam
350 3032 482 3107 iactant,
501 3055 539 3096 ea
557 3033 693 3116 concipit
710 3032 824 3097 ictibus
841 3031 962 3117 ignem:

171 3129 261 3181 antra
276 3116 492 3199 relinquentur
509 3117 625 3181 sedatis
643 3117 759 3202 frigida
776 3118 891 3195 ventis3
977 3143 980 3148 ’

104 3223 153 3273 35ο
171 3202 237 3267 sive
255 3201 445 3267 bitumineae
463 3202 591 3286 rapiunt
608 3203 754 3266 incendia
775 3203 867 3279 vires,

170 3290 295 3353 luteave
313 3287 435 3372 exiguis
454 3287 622 3351 ardescunt
639 3288 791 3373 sulphura
807 3288 917 3352 furnis:

169 3395 283 3457 nempe
300 3373 356 3435 ubi
374 3384 456 3436 terra
474 3372 559 3436 cibos
578 3372 788 3455 alimentaque
806 3373 937 3459 pinguia
954 3374 1099 3441 flammae

170 3480 233 3522 non
251 3457 338 3522 dabit
356 3458 530 3541 absumptis
547 3479 604 3542 per
621 3458 751 3542 longum
769 3458 888 3522 viribus
907 3481 1031 3537 aevum,

169 3555 364 3625 naturaeque
382 3566 473 3606 suum
491 3542 649 3606 nutrimen
667 3543 766 3607 deerit
783 3544 882 3620 edaci,

103 3648 151 3698 355
170 3650 234 3692 non
251 3629 330 3692 feret
347 3629 401 3691 illa
418 3628 535 3691 famem
554 3628 739 3710 desertaque
757 3628 880 3693 deseret
895 3629 987 3713 ignis.

171 3736 238 3778 esse
257 3713 340 3776 viros
358 3713 444 3777 fama
461 3724 508 3777 est
525 3713 558 3776 in
575 3713 785 3799 Hyperborea
801 3714 942 3790 Pallene,

171 3799 226 3882 qui
243 3800 364 3862 soleant
380 3799 503 3863 levibus
521 3798 619 3862 velari
637 3820 769 3883 corpora
786 3800 911 3884 plumis,

171 3906 244 3947 curn
261 3884 475 3949 Tritoniacam
491 3884 600 3948 novies
618 3884 743 3948 subiere
761 3884 920 3968 paludem.

170 3969 256 4033 haud
274 3969 419 4052 equidem
438 3970 545 4034 credo:
564 3991 690 4052 sparsae
708 3990 834 4052 quoque
851 3971 994 4035 membra
1011 3973 1142 4038 venenis

103 4075 152 4125 330
171 4077 316 4121 exercere
335 4067 417 4120 artes
436 4053 604 4143 Scythides
622 4066 836 4121 memorantur
852 4056 988 4124 easdem.
