2574 4478
269 203 636 266 Msrnucurnosaou
652 206 726 264 mu.
743 206 796 263 111.
814 205 958 266 rsa-sco.
1080 191 1122 262 51

102 329 180 395 talia
197 329 355 396 dicentem
372 332 538 417 proturbat
554 332 696 399 Echione
714 346 817 398 natus.

103 417 189 482 dicta
205 414 285 481 fides
303 418 453 501 sequitur,
470 440 684 505 responsaque
701 420 782 484 vatis
800 429 948 504 aguntur.

102 502 204 567 Liber
222 503 325 580 adest,
343 503 496 587 festisque
513 506 652 570 fremunt
669 505 842 570 ululatibus
861 505 939 591 agri,

102 588 199 653 turba
215 587 287 666 ruit,
305 589 486 674 mixtaeque
502 590 577 654 viris
594 601 773 674 matresque
791 613 953 675 nurusque

102 674 283 757 vulgusque
300 696 509 760 proceresque
526 675 635 762 ignota
652 677 693 740 ad
711 698 800 740 sacra
816 676 970 742 feruntur.

103 760 189 843 ‘quis
207 760 305 837 furor,
324 783 420 845 angm
445 783 537 838 enae,
553 762 657 846 proles
675 761 848 839 Mavortia,
867 773 987 828 vestras

103 845 240 910 attonuit
257 846 411 911 mentes?'
460 847 593 913 cutheus
610 847 669 924 ait,
688 853 816 912 ‘aerane
833 858 957 912 tantum

103 953 178 996 aere
194 931 322 1031 repulsa
339 932 445 996 valent
463 943 494 996 et
511 932 634 998 adunco
653 932 730 998 tibia
748 955 846 998 cornu

103 1027 136 1082 et
151 1038 296 1103 magrcae
313 1016 455 1096 fraudes,
473 1028 524 1095 ut,
542 1040 622 1102 qnos
638 1041 703 1083 non
719 1018 851 1084 bellicus
868 1018 961 1096 ensis,

102 1124 168 1166 non
185 1102 263 1166 tuba
280 1103 439 1180 terruerit,
456 1125 520 1168 non
537 1104 652 1170 strictis
669 1105 797 1190 agmina
814 1104 894 1182 telis,

102 1187 260 1253 femineae
277 1210 371 1254 voces
389 1199 421 1254 et
436 1199 524 1254 mota
540 1189 663 1254 insania
679 1189 752 1255 vino

103 1272 295 1357 obscenique
311 1296 426 1359 greges
444 1286 476 1339 et
492 1274 598 1339 inania
614 1286 766 1361 tympana
782 1275 928 1341 vincant?

103 1380 216 1434 vosne,
234 1381 339 1436 senes,
357 1360 462 1437 mirer,
481 1360 537 1443 qui
553 1361 649 1446 longa
665 1382 722 1446 per
739 1382 878 1444 aequora
895 1359 979 1426 vecti

103 1444 164 1509 hac
180 1444 305 1528 Tyron,
322 1444 383 1510 hac
399 1445 551 1531 profugos
568 1445 716 1532 posuistis
734 1447 809 1511 sede
825 1442 974 1524 Penates,

102 1552 189 1595 nnnc
206 1529 307 1594 sinitis
325 1531 392 1596 sine
409 1532 516 1596 Marte
534 1531 623 1617 capi?
639 1554 751 1609 vosne,
770 1532 870 1596 acrior
887 1542 985 1609 aetas,

103 1637 122 1680 ο
140 1616 285 1693 iuvenes,
303 1616 493 1702 propiorque
510 1639 614 1694 meae,
632 1638 712 1700 quos
730 1640 817 1681 arma
834 1628 951 1694 tenere,

102 1723 167 1766 non
184 1701 324 1786 thyrsos,
342 1702 497 1787 galeaque
515 1702 594 1787 tegi,
612 1725 676 1766 non
693 1703 820 1780 fronde,
839 1703 990 1768 decebat?

103 1797 184 1864 este,
203 1808 324 1871 precor,
343 1808 511 1864 memores,
530 1808 593 1870 qua
611 1788 678 1853 sitis
696 1788 793 1874 stirpe
811 1787 918 1866 creati,

101 1872 250 1956 illiusque
267 1872 402 1948 animos,
421 1873 475 1956 qui
492 1874 608 1938 multos
625 1874 761 1959 perdidit
778 1896 871 1950 unus,

102 1959 218 2022 sumite
236 1957 403 2043 serpentisl
438 1979 495 2044 pro
513 1958 653 2023 fontibus
669 1959 721 2024 ille
739 1960 874 2042 lacuque

102 2043 234 2109 interiit:
252 2053 285 2108 at
302 2064 359 2108 vos
376 2065 433 2129 pro
451 2043 538 2108 fama
555 2044 670 2111 vincite
687 2045 806 2110 vestral

101 2129 154 2195 ille
173 2128 260 2193 dedit
276 2129 340 2194 leto
357 2129 469 2206 fortes,
488 2151 544 2194 vos
561 2130 668 2216 pellite
684 2131 794 2195 molles

102 2225 134 2280 et
151 2214 289 2299 patrium
306 2215 438 2280 retinete
456 2215 563 2279 decus.
606 2215 633 2280 si
649 2214 716 2280 fata
733 2214 883 2280 vetabant

101 2312 185 2365 stare
204 2300 258 2364 diu
275 2299 419 2377 Thebas,
436 2301 558 2365 utinam
576 2311 730 2365 tormenta
747 2301 868 2383 virique

101 2385 228 2450 moenia
246 2385 418 2462 diruerent,
436 2386 619 2470 ferrumque
636 2386 782 2472 ignisque
800 2383 961 2450 sonarent!
1137 2406 1188 2457 550

102 2493 244 2536 essemus
261 2471 368 2535 miseri
385 2471 453 2536 sine
470 2471 615 2548 crimine3
633 2492 765 2554 sorsque
783 2472 953 2555 querenda,

101 2578 166 2621 non
183 2556 315 2621 celanda
332 2555 427 2632 foret,
445 2557 655 2640 lacrimaeque
672 2556 794 2642 pudore
811 2568 962 2621 carerent.

101 2655 135 2706 at
152 2663 237 2705 nunc
255 2665 274 2706 a
291 2664 389 2727 puero
406 2642 538 2707 Thebae
556 2642 718 2726 capientur
733 2640 856 2719 inermi,

100 2749 197 2810 quem
215 2749 318 2809 neque
336 2727 419 2792 bella
435 2728 545 2792 iuvant
562 2750 621 2792 nec
638 2729 701 2793 tela
717 2749 777 2794 nec
793 2750 870 2792 usus
888 2748 1051 2811 equorum,

102 2814 158 2877 sed
175 2813 294 2877 madidi
311 2835 418 2876 murra
436 2813 536 2877 crines
554 2813 726 2897 mollesque
744 2834 879 2879 coronae
1136 2836 1186 2888 555

100 2919 304 2984 purpuraque
322 2909 354 2962 et
369 2899 461 2984 pictis
478 2899 633 2963 intextum
650 2899 791 2964 vestibus
809 2922 931 2962 aurum.

100 3006 197 3067 quem
215 2984 343 3066 quidem
361 3005 421 3068 ego
439 2985 733 3049 actutum-modo
751 3007 807 3049 vos
825 2984 1138 3073 absistite-cogam

101 3079 362 3154 assumptumque
380 3078 501 3153 patrem
519 3081 758 3153 commentaque
776 3091 865 3134 sacra
882 3069 981 3134 fateri

100 3178 142 3218 an
159 3154 236 3218 satis
253 3154 379 3219 Acrisio
397 3164 444 3218 est
461 3154 571 3230 animi,
589 3167 787 3220 contemnere
804 3178 923 3220 vanum

99 3262 218 3303 numen
237 3251 266 3304 et
284 3239 453 3324 Argolicas
471 3241 607 3305 venienti
625 3242 771 3306 claudere
788 3252 909 3324 portas:
1134 3263 1185 3315 560

98 3323 244 3389 Penthea
262 3324 390 3388 terrebit
408 3346 482 3389 curn
499 3326 572 3390 totis
590 3326 713 3390 advena
729 3326 868 3390 Thebis?

97 3411 141 3475 ite
159 3409 228 3475 citi'
245 3408 386 3492 (famulis
404 3409 465 3474 hoc
481 3409 639 3496 imperat),
658 3412 715 3477 ‘ite
732 3412 909 3495 ducemque

98 3495 246 3560 attrahite
262 3495 326 3559 huc
343 3496 497 3560 vinctuml
523 3496 616 3561 iussis
634 3519 723 3562 mora
740 3498 845 3582 segnis
863 3497 991 3563 abesto?

97 3581 183 3645 hunc
201 3602 294 3657 avus,
311 3579 397 3645 hunc
413 3581 585 3658 Athamas,
603 3582 687 3647 hunc
705 3594 809 3648 cetera
825 3583 919 3646 turba
936 3605 1064 3650 suorum

98 3666 272 3751 corripiunt
288 3666 380 3731 dictis
397 3665 576 3750 frustraque
593 3667 735 3733 inhibere
752 3668 906 3732 laborant.
1132 3690 1182 3741 555

97 3751 200 3816 acrior
217 3751 379 3816 admonitu
397 3763 457 3828 est,
474 3752 675 3837 imitaturque
691 3764 814 3818 retentu

97 3848 129 3902 et
146 3837 259 3902 crescit
275 3836 393 3915 rabies,
411 3838 681 3922 remoraminaque
698 3839 768 3924 ipsa
782 3839 949 3905 nocebant

96 3924 142 3987 sic
160 3944 221 4008 ego
238 3932 421 3999 torrentem,
439 3945 502 4007 qua
519 3923 563 3986 nil
580 3924 725 3989 obstabat
742 3923 838 4001 eunti,

95 4007 198 4073 lenius
217 4017 248 4073 et
264 4009 388 4074 modico
406 4009 537 4095 strepitu
555 4008 720 4077 decurrere
738 4009 816 4075 vidi:

908 4107 943 4166 40
