2574 4478
158 234 200 303 90
487 249 520 307 P.
539 249 664 308 OVIDII
680 248 842 307 NASONIS

157 396 216 439 nec
232 374 331 439 factas
349 374 450 439 solum
468 385 570 438 vestes
588 384 728 459 spectare
746 374 890 449 iuvabat3

156 471 225 524 tum
242 480 383 542 quoque,
402 482 474 524 cum
491 460 617 524 fierent:
635 470 740 524 tantus
759 460 854 524 decor
870 457 973 523 adfuit
990 456 1061 525 arti.

158 545 224 609 sive
241 545 352 609 rudem
369 544 487 630 primos
504 545 610 608 lanam
626 545 823 631 glomerabat
840 545 873 609 in
891 544 994 623 orbes,

107 648 140 698 20
158 649 214 694 seu
232 629 337 715 digitis
354 630 523 716 subigebat
539 653 619 716 opus
635 631 831 715 repetitaque
848 631 944 715 longo

157 715 274 780 vellera
290 715 432 780 mollibat
448 716 580 780 nebulas
598 717 767 799 aequantia
783 727 897 793 tractu,

156 801 223 866 sive
240 802 303 865 levi
319 812 451 866 teretem
468 801 615 865 versabat
631 801 743 886 pollice
761 801 878 878 fusum,

157 909 213 950 seu
230 886 383 971 pingebat
399 909 473 951 acu:
492 887 586 951 scires
605 909 624 950 a
640 885 773 950 Pallade
791 888 927 952 doctam.

156 972 243 1054 quod
259 982 365 1036 tamen
382 972 452 1058 ipsa
468 983 578 1058 negat,
597 982 747 1055 tantaque
765 971 886 1037 offensa
902 970 1056 1057 magistra

107 1075 138 1123 25
157 1057 284 1122 ‘certet'
303 1057 347 1121 ait
364 1065 513 1122 ‘mecum
556 1057 633 1120 nihil
651 1068 712 1133 est,
730 1058 815 1140 quod
833 1057 917 1123 victa
933 1056 1098 1123 recusem!

155 1141 264 1221 Pallas
281 1165 376 1228 snum
394 1143 521 1207 simulat
537 1141 697 1224 falsosque
713 1142 746 1206 in
765 1155 907 1228 tempora
924 1165 1020 1208 canos

155 1227 242 1291 addit
259 1239 291 1292 et
306 1228 456 1304 infirmos,
474 1228 587 1294 baculo
598 1253 677 1314 quos
696 1234 840 1308 sustinet,
857 1245 955 1301 artus.

156 1329 224 1382 tum
241 1316 287 1382 sic
304 1338 375 1382 orsa
391 1316 492 1399 loqui:
510 1322 588 1379 ‘non
606 1315 712 1379 omnia
727 1316 877 1416 grandior
893 1328 991 1392 aetas,

157 1423 239 1485 quae
256 1402 427 1487 fugiamus,
443 1401 553 1465 habet:
572 1400 649 1465 seris
666 1413 752 1465 vemt
769 1424 846 1465 usus
864 1402 905 1465 ab
923 1402 1025 1468 annis.

106 1505 140 1555 ³0
157 1487 321 1551 consilium
338 1510 379 1551 ne
398 1510 510 1572 sperne
526 1508 642 1550 meum.
685 1486 743 1550 tibi
759 1486 846 1550 fama
862 1498 988 1572 petatur

43 1613 45 1616 >
155 1573 238 1636 inter
254 1573 401 1636 mortales
419 1572 582 1637 faciendae
600 1571 737 1635 maxima
754 1573 859 1637 lanae:

157 1658 234 1722 cede
252 1657 330 1721 deae
348 1657 534 1740 veniamque
551 1657 628 1733 tuis,
645 1658 824 1732 temeraria,
843 1658 935 1723 dictis

157 1742 297 1827 supplice
314 1764 392 1807 voce
409 1764 497 1826 roga.
540 1743 666 1807 veniam
683 1742 771 1807 dabit
788 1743 842 1806 illa
858 1743 1003 1828 roganti!

157 1828 268 1913 aspicit
284 1827 367 1892 hanc
384 1827 495 1903 torvis,
512 1827 700 1913 inceptaque
716 1828 770 1892 fila
786 1828 944 1911 relinquit,

106 1931 138 1981 85
157 1914 273 1996 vixque
290 1936 419 1977 manum
436 1913 584 1991 retinens,
602 1913 808 1995 confessaque
826 1914 965 1978 vultibus
982 1914 1064 1978 iram

155 1999 271 2062 talibus
288 1998 455 2063 obscuram
472 2010 616 2064 resecuta
632 2010 680 2063 est
696 1998 830 2063 Pallada
847 1999 953 2063 dictis:

157 2085 283 2148 ‘mentis
299 2085 392 2170 inops
408 2084 566 2170 longaque
583 2085 671 2149 venis
689 2085 832 2149 confecta
849 2096 985 2150 senecta.

156 2181 188 2235 et
204 2169 337 2234 nimium
353 2169 469 2234 vixisse
486 2170 542 2235 diu
558 2181 660 2235 nocet.
704 2171 812 2234 audiat
827 2171 915 2247 istas,

155 2255 183 2320 si
200 2278 264 2338 qua
281 2255 339 2319 tibi
355 2278 453 2321 nurus
471 2266 532 2332 est,
551 2256 578 2320 si
594 2277 659 2338 qua
675 2266 723 2321 est
740 2255 796 2319 tibi
812 2255 887 2332 filia,
906 2277 1010 2323 voces.

105 2359 138 2408 40
156 2342 278 2405 consilii
295 2341 371 2406 satis
388 2342 486 2407 estin
501 2363 553 2406 me
570 2340 657 2405 mihi.
700 2363 781 2407 neve
798 2342 955 2406 monendo

155 2426 325 2512 profecisse
342 2438 448 2512 putes:
466 2427 577 2492 eadem
594 2438 641 2492 est
658 2426 812 2492 sententia
828 2427 930 2491 nobis.

156 2534 212 2576 cur
229 2535 293 2577 non
309 2513 380 2598 ipsa
396 2512 500 2578 venit?
517 2534 573 2577 cur
589 2512 668 2577 haec
686 2512 858 2578 certamina
875 2512 972 2577 vitat?

155 2609 223 2661 tum
241 2599 301 2662 dea
318 2598 445 2663 ‘venitl’
464 2599 508 2662 ait
524 2596 721 2681 formamque
738 2599 872 2663 removit
889 2598 1003 2663 anilem

154 2682 351 2766 Palladaque
370 2683 521 2748 exhibuit.
564 2695 753 2749 venerantur
770 2685 900 2748 numina
917 2683 1077 2769 nymphae

104 2788 137 2836 45
155 2768 432 2854 Mygdonidesque
449 2791 562 2833 nurus:
581 2770 648 2833 sola
665 2780 794 2834 estnon
812 2770 920 2834 territa
937 2769 1038 2854 virgo.

155 2855 213 2918 sed
229 2864 334 2918 tamen
352 2854 487 2930 erubuit,
505 2854 691 2938 subitusque
708 2855 807 2919 invita
824 2855 945 2920 notavit

156 2961 212 3004 ora
228 2940 325 3004 rubor
340 2962 511 3023 rursusque
528 2940 670 3005 evanuit:
688 2952 724 3004 ut
742 2941 820 3005 solet
838 2946 893 3006 a'e‘r

155 3048 332 3110 purpureus
349 3025 431 3102 lieri,
448 3025 674 3111 cumprimum
692 3048 805 3090 aurora
821 3037 976 3102 movetur,

156 3122 188 3175 et
205 3110 301 3176 breve
318 3122 388 3196 post
406 3121 530 3196 tempus
549 3112 736 3177 candescere
755 3111 827 3175 solis
845 3112 886 3175 ab
903 3124 984 3175 ortu.

105 3216 139 3265 oo
156 3208 274 3281 perstat
291 3197 323 3260 in
340 3197 480 3282 incepto,
499 3197 692 3280 stolidaeque
710 3197 856 3282 cupidine
873 3199 997 3282 palmae

154 3282 187 3346 in
205 3305 263 3346 sua
279 3282 345 3347 fata
361 3282 433 3346 ruit.
476 3304 579 3366 neque
597 3283 681 3347 enirn
698 3283 773 3347 love
791 3294 865 3346 nata
881 3293 1007 3347 recusat

153 3389 213 3432 nec
230 3380 336 3433 monet
354 3368 483 3433 ulterius
501 3390 560 3433 nec
577 3369 640 3432 iam
659 3368 829 3432 certamina
846 3367 961 3433 differt.

154 3444 239 3508 haud
256 3467 353 3520 mora,
372 3445 566 3508 constituunt
583 3444 714 3506 diversis
733 3444 875 3526 partibus
893 3444 1004 3504 ambae

977 2512 986 2541 2

153 3546 184 3599 et
201 3533 311 3619 gracili
328 3532 471 3618 geminas
488 3529 654 3594 intendunt
671 3526 805 3592 stamine
821 3526 910 3593 telas.

103 3639 135 3688 55
153 3620 216 3685 tela
232 3620 307 3704 iugo
324 3617 431 3682 vincta
447 3627 508 3691 est,
526 3625 648 3679 stamen
666 3613 800 3686 secernit
816 3611 969 3689 harundo,

152 3703 299 3769 inseritur
316 3703 455 3769 medium
472 3700 568 3764 radiis
587 3700 752 3764 subtemen
770 3697 880 3772 acutis,

154 3788 239 3873 quod
256 3788 346 3874 digiti
364 3787 548 3872 expediunt,
566 3799 660 3868 atque
677 3784 759 3848 inter
775 3783 910 3847 stamina
927 3783 1058 3847 ductum

154 3895 303 3960 percusso
310 3875 443 3957 paviunt
453 3871 564 3936 insecti
580 3870 704 3956 pectine
722 3870 841 3934 dentes.

154 3972 287 4041 utraque
305 3959 445 4035 festinat,
463 3957 646 4038 cinctaeque
664 3956 705 4018 ad
723 3965 851 4040 pectora
869 3963 972 4017 vestes

103 4065 137 4119 to
153 4043 301 4113 bracchia
319 4044 411 4114 docta
426 4053 568 4124 movent,
586 4041 690 4109 studio
707 4040 835 4108 fallente
851 4039 1001 4106 laborem.
