2574 4478
258 175 624 235 METAMORPHOSEON
641 175 713 231 LIB.
732 176 783 231 XI.
802 176 946 232 492-579.
1049 159 1110 227 193

86 316 184 387 atque
203 303 273 367 aliis
289 325 430 380 murum,
448 301 618 387 trepidare,
637 300 815 365 tenentibus
832 300 927 365 intus.

88 388 196 453 deficit
214 412 279 465 ars,
298 388 457 473 animique
476 388 602 452 cadunt.
645 386 840 470 totidemque
857 388 1013 463 videntur,

89 486 167 558 quot
185 475 314 540 veniant
330 475 458 549 fluetus,
476 496 567 538 ruere
585 482 680 554 atque
697 473 869 558 irrumpere
887 482 1012 537 mortes.

88 582 153 624 non
171 570 259 624 tenet
276 560 327 625 hic
344 560 504 635 lacrimas3
523 567 628 642 stupet
645 557 711 634 hic;
729 569 822 622 vocat
839 557 891 621 ille
909 557 1029 633 beatos,

90 645 204 710 funera
221 667 301 728 quos
319 655 482 720 maneant3
500 644 551 708 hio
569 642 650 706 votis
667 665 785 707 numen
803 643 924 718 adorat,
1129 661 1180 710 540

90 731 301 813 bracchiaque
320 731 361 794 ad
379 730 511 805 caelum,
529 729 616 812 quod
632 749 697 792 non
713 728 814 804 videt,
831 727 920 791 irrita
936 728 1048 791 tollens

91 816 191 964 poscit
209 839 317 902 opem;
336 816 473 880 subeunt
489 815 534 878 illi
551 813 711 898 fraterque
728 834 916 898 parensque,

112 902 164 966 uic
182 924 256 966 cum
296 900 459 986 ignoribus
478 901 600 975 domus,
618 909 649 964 et
667 900 753 982 quod
770 899 884 982 cuique
901 897 1045 963 relictum
1063 909 1120 965 est.

91 987 238 1070 Alcyone
256 924 366 1072 &byca
382 997 502 1050 movet:
522 982 637 1070 Ceycis
654 984 687 1048 in
705 1007 759 1049 ore

91 1070 178 1136 nulla
196 1072 257 1136 nisi
274 1073 419 1157 Alcyone
437 1082 500 1148 cst,
518 1083 549 1135 et
567 1093 640 1134 cum
658 1070 814 1135 desideret
830 1092 937 1146 unam,
1129 1090 1179 1139 545

91 1158 210 1241 gaudet
228 1157 339 1223 abesse
356 1169 473 1222 tamen.
516 1156 636 1240 patriae
654 1176 781 1239 quoque
798 1156 893 1220 vellet
910 1155 951 1219 ad
969 1177 1040 1219 oras

90 1243 248 1327 respicere
265 1244 361 1326 inque
379 1243 509 1306 domum
527 1263 689 1326 supremos
707 1252 829 1305 vertere
846 1241 967 1305 vultus:

91 1351 218 1406 verum,
236 1327 291 1392 ubi
310 1328 362 1404 sit,
381 1327 489 1392 nescit.
533 1337 622 1390 tanta
638 1326 791 1410 vertigine
808 1336 924 1411 pontus

89 1412 207 1489 fervet,
226 1424 258 1478 et
274 1413 404 1478 inducta
421 1412 518 1498 piceis
536 1435 554 1477 c
571 1411 710 1475 nubibus
729 1412 842 1475 umbra

91 1521 186 1563 omne
203 1499 281 1564 latet
298 1501 434 1574 eaelum,
453 1497 677 1583 duplicataque
694 1497 795 1562 noctis
812 1496 919 1581 imago
937 1507 993 1563 est.

89 1584 249 1669 frangitur
264 1585 394 1649 incursu
411 1583 548 1647 nimbosi
565 1583 698 1647 turbinis
716 1582 820 1659 arbor,

90 1669 249 1754 frangitur
267 1682 298 1734 et
315 1670 466 1754 regimen.
510 1668 680 1753 spoliisque
698 1669 840 1732 animosa
857 1677 1016 1752 superstes

90 1756 193 1830 unda,
211 1755 298 1820 velut
315 1756 441 1830 victrix,
460 1754 647 1837 sinuataque
666 1755 798 1839 despicit
814 1754 927 1828 undas,

90 1862 151 1904 nec
168 1840 284 1918 levius,
302 1861 398 1923 quam
416 1841 442 1904 si
460 1839 531 1922 quis
549 1839 659 1903 Athon
676 1839 856 1903 Pindumve
874 1838 1016 1903 revulsos

92 1926 167 1990 sede
186 1949 244 1990 sua
261 1936 343 1990 totos
360 1926 394 1990 in
412 1935 557 2010 apertum
574 1924 720 1990 everterit
737 1945 866 2007 aequor,

90 2010 299 2097 praecipitata
316 2011 413 2086 cadit,
431 2011 609 2096 pariterque
628 2021 659 2074 et
675 2010 814 2095 pondere
832 2020 862 2074 et
878 2010 944 2073 ictu

92 2097 208 2181 mergit
225 2097 258 2160 in
274 2096 340 2160 ima
355 2107 465 2161 ratem.
509 2119 581 2161 cum
600 2116 664 2178 qua
680 2118 753 2180 pars
771 2117 889 2179 magna
906 2094 1046 2159 virorum

92 2183 220 2267 gurgite
238 2205 347 2267 pressa
363 2182 454 2267 gravi
470 2203 573 2264 neque
589 2181 623 2244 in
640 2186 714 2244 adra
730 2180 853 2245 reddita
869 2179 935 2243 fato

91 2268 203 2331 functa
221 2289 278 2331 suo
296 2278 358 2344 est,
376 2268 430 2331 alii
446 2278 551 2352 partes
569 2275 601 2331 et
617 2265 760 2330 membra
777 2265 901 2329 carinae

92 2363 206 2416 trunca
223 2363 340 2417 tenent.
383 2362 469 2417 tenet
485 2352 553 2437 ipse
570 2373 678 2427 manu,
696 2373 759 2434 qua
776 2361 900 2435 sceptra
917 2350 1048 2427 solebat,
1132 2371 1184 2421 560

92 2437 251 2524 fragmina
267 2438 387 2522 navigii
404 2434 510 2522 Ceyx,
529 2457 735 2518 socerumque
751 2447 937 2520 patremque

91 2524 235 2600 invocat,
252 2523 329 2588 heul
348 2524 478 2587 frustra:
498 2523 553 2587 sed
570 2521 707 2607 plurima
722 2521 826 2585 nantis
843 2522 877 2585 in
895 2543 948 2585 ore

92 2610 239 2694 Alcyone
257 2609 404 2673 coniunx.
447 2608 535 2672 illam
551 2607 755 2691 meminitque
772 2607 945 2689 refertque:

92 2695 177 2759 illius
195 2706 268 2760 ante
286 2696 395 2759 oculos
412 2705 448 2758 ut
465 2704 562 2778 agant
579 2717 637 2758 sua
654 2714 786 2778 corpora
803 2692 928 2768 fluctus,

93 2790 197 2865 optat,
217 2791 248 2845 et
265 2780 417 2845 exanimis
434 2779 771 2843 manibus'tnmuletur
789 2777 907 2842 amicis.

94 2867 171 2929 dum
188 2877 290 2942 natat,
308 2865 486 2940 absentem,
504 2864 648 2947 quotiens
666 2863 740 2929 sinit
756 2863 877 2928 hiscere
894 2863 1019 2940 fluctus,

93 2951 236 3015 nominat
253 2951 435 3035 Alcyonen,
453 2950 592 3036 ipsisque
609 2949 819 3014 inmurmurat
834 2949 939 3012 undis.

95 3059 169 3102 ecoe
188 3059 282 3121 super
299 3037 419 3101 medios
437 3035 551 3101 fluctus
569 3035 660 3120 niger
678 3057 769 3100 arcus
787 3055 942 3117 aquarum

94 3121 252 3220 frangitur
270 3132 300 3186 et
317 3133 411 3207 rupta
427 3143 566 3185 mersum
584 3131 678 3205 caput
696 3119 802 3186 obruit
819 3120 914 3183 unda.

94 3206 228 3271 Lucifer
246 3207 413 3283 obscurus,
430 3228 490 3271 nec
507 3227 603 3289 quem
621 3228 810 3291 cognoscere
827 3226 947 3290 posses,

93 3291 148 3356 illa
171 3294 244 3358 luce
269 3292 341 3370 fuit3
369 3293 581 3375 quoniamque
599 3292 751 3356 excedere
769 3292 874 3356 eaelo

95 3400 159 3442 non
176 3379 279 3453 licuit,
297 3377 402 3442 densis
420 3377 499 3442 texit
516 3400 574 3441 sua
591 3377 730 3441 nubibus
747 3400 812 3442 ora.

136 3463 249 3526 Aeolis
265 3464 385 3528 interea
402 3474 560 3528 tantorum
576 3463 688 3548 ignara
704 3463 859 3526 malorum
921 3473 926 3480 ‘

97 3548 275 3613 dinumerat
291 3559 409 3614 noctes.
454 3559 485 3614 et
501 3548 579 3624 iam,
598 3571 677 3631 quas
694 3548 805 3613 induat
821 3549 884 3626 ille,

95 3633 224 3700 festinat
242 3645 360 3712 vestes;
378 3634 442 3697 iam
460 3655 553 3717 quas,
572 3634 628 3698 ubi
645 3634 766 3698 venerit
782 3634 845 3710 ille,

95 3719 164 3805 ipsa
181 3731 286 3868 gerat3
305 3720 486 3803 reditusque
505 3719 565 3783 sibi
582 3720 735 3804 promittit
751 3719 872 3784 inanes.

96 3805 179 3870 omni
204 3828 243 3869 us
260 3805 314 3869 illa
331 3806 459 3889 quidem
477 3805 598 3889 superis
617 3805 670 3890 pia
687 3817 758 3869 tura
775 3804 907 3880 ferebat,

95 3904 167 3957 ante
185 3903 293 3955 tamen
310 3902 440 3957 cunctos
458 3891 590 3954 Iunonis
607 3890 726 3975 templa
744 3890 868 3955 colebat

93 3997 215 4065 proque
233 3975 316 4056 viro,
334 3977 389 4064 qui
405 3976 510 4042 nullus
528 3988 610 4056 erat,
628 3976 775 4043 veniebat
792 3976 834 4041 ad
851 3998 933 4052 aras,

143 4075 296 4126 enutriam
912 4075 947 4135 13
