2574 4478
212 310 257 378 20
543 327 578 382 P.
597 327 720 384 ovum
737 326 900 385 ussurus

215 450 425 535 amplexuque
442 450 516 514 dato
535 457 608 516 ‘nec
624 460 660 515 tu
676 474 766 517 meus
785 475 853 517 esse
870 451 980 538 negari

214 537 330 621 dignus
347 559 395 611 es,
413 546 445 600 et
462 534 617 621 Clymene
634 536 738 601 veros’
757 538 800 602 ait
818 538 930 602 ‘edidit
947 548 1043 602 ortus.

214 643 340 706 quoque
357 621 461 686 minus
479 622 618 699 dubites,
637 622 766 705 quodvis
783 633 855 707 pete
872 645 996 699 munus,
1014 623 1144 691 utillud

163 726 197 776 45
215 730 266 771 me
283 707 439 772 tribuente
457 708 550 772 feras.
593 708 754 793 promissis
771 709 860 773 testis
877 709 985 774 adesto

215 793 263 856 dis
280 793 413 857 iuranda
429 794 535 877 palus,
554 794 652 857 oeulis
669 793 829 878 incognita
845 793 980 858 nostris.'

214 879 268 942 vix
285 879 367 944 bene
384 879 532 944 desierat:
551 900 661 943 currus
678 890 769 964 rogat
785 880 838 944 ssle
854 891 1001 964 paternos

214 964 310 1047 inque
327 965 411 1029 diem
428 964 588 1049 alipedum
604 964 654 1028 ius
672 975 704 1029 et
720 965 922 1030 moderamen
940 987 1102 1049 equorum.

214 1050 370 1135 paenituit
386 1051 505 1115 iurasse
522 1061 654 1135 patrem.
697 1050 753 1132 qui
769 1060 879 1134 terque
895 1062 1069 1135 quaterque

166 1155 199 1204 50
217 1136 397 1201 concutiens
414 1136 546 1200 inlustre
564 1146 659 1221 caput
677 1135 870 1201 ‘temeraria’
890 1136 969 1201 dixit

216 1227 293 1286 ‘vox
311 1245 382 1287 mea
397 1221 483 1287 facta
500 1232 555 1285 tua
572 1231 628 1286 est.
672 1221 792 1285 utinam
809 1222 964 1307 promissa
980 1222 1087 1288 liceret

215 1329 279 1372 non
297 1307 385 1372 darei
404 1307 568 1383 confiteor,
586 1307 688 1371 solum
705 1306 766 1372 hoc
783 1307 856 1386 tibi,
872 1318 959 1385 nate,
977 1331 1137 1394 negarem.

217 1393 398 1458 dissuadere
415 1393 497 1458 licet.
539 1414 604 1456 non
622 1404 670 1457 est
686 1402 742 1457 tua
758 1403 827 1458 tuta
843 1395 1003 1471 voluntas;

215 1502 333 1564 magna
348 1479 443 1564 petis,
460 1477 642 1554 Phaethon,
660 1489 692 1542 et
709 1499 791 1561 quae
808 1501 867 1544 nec
885 1480 1005 1544 viribus
1023 1479 1091 1544 istis

167 1582 199 1631 55
216 1587 348 1630 munera
363 1563 551 1629 conveniant
566 1585 625 1628 neo
642 1574 706 1627 tam
724 1565 898 1649 puerilibus
916 1565 1016 1630 annis.

217 1672 284 1714 sors
301 1660 357 1714 tua
373 1650 528 1714 mortalis:
545 1671 609 1714 non
626 1660 673 1714 est
690 1650 836 1728 mortale,
854 1651 939 1732 quod
957 1662 1057 1735 optas.

216 1737 288 1821 plus
306 1735 414 1811 etiam,
433 1757 528 1818 quam
546 1735 631 1818 quod
649 1735 771 1819 superis
788 1737 970 1821 contingere
987 1736 1036 1800 fas
1055 1736 1104 1814 sit,

216 1820 341 1886 nescius
359 1820 498 1885 affectas.
541 1820 666 1905 placeat
683 1820 744 1885 sibi
761 1821 894 1904 quisque
911 1822 1031 1887 licebit:

216 1928 280 1971 non
297 1917 403 1970 tamen
420 1905 555 1991 ignifero
572 1906 740 1989 quisquam
758 1907 927 1972 consistere
944 1908 977 1971 in
994 1930 1054 1972 axe

168 2008 200 2059 60
217 2015 268 2056 me
286 1992 370 2056 valet
387 2002 528 2077 excepto.
571 1991 652 2056 vasti
670 2013 797 2074 quoque
813 2003 916 2057 rector
934 1989 1077 2078 Olympi,

218 2077 273 2160 qui
289 2076 357 2143 fera
375 2077 505 2142 terribili
521 2077 676 2141 iaculatur
692 2077 826 2141 fulmina
843 2077 964 2155 dextra,

216 2185 281 2228 non
299 2162 447 2249 agathos
465 2185 584 2227 currus.
628 2172 660 2227 et
677 2163 753 2246 quid
770 2163 847 2228 Iove
864 2163 966 2227 maius
983 2163 1156 2230 habemus?

218 2249 317 2315 ardua
334 2248 435 2332 prima
452 2248 504 2313 via
520 2259 582 2325 est,
600 2258 632 2312 et
648 2269 712 2331 qua
729 2248 783 2313 vix
800 2271 893 2313 mane
910 2260 1050 2315 recentes

218 2334 378 2399 enituntur
393 2333 476 2417 equi.
518 2333 622 2399 medio
639 2344 688 2399 est
705 2334 855 2398 altissima
872 2335 970 2412 caelo,

168 2439 200 2488 65
217 2420 303 2484 unde
319 2442 406 2484 mare
423 2430 455 2484 et
472 2430 570 2484 terras
587 2419 648 2504 ipsi
664 2419 742 2483 milri
760 2442 854 2505 saepe
871 2420 978 2485 videre

217 2506 253 2570 fit
269 2505 371 2583 timor,
389 2517 421 2570 et
437 2505 554 2591 pavida
571 2504 707 2590 trepidat
724 2506 890 2571 formidine
907 2516 1032 2591 pectus:

217 2591 329 2655 ultima
344 2613 445 2691 prona
461 2590 514 2655 via
530 2600 578 2655 est
595 2600 627 2655 et
644 2601 717 2674 eget
733 2591 946 2655 moderamine
964 2604 1062 2656 certo:

218 2686 295 2740 tunc
312 2687 421 2753 etram,
440 2697 521 2759 quae
538 2698 589 2741 me
608 2676 756 2740 subiectis
773 2676 889 2761 exeipit
905 2677 1008 2755 undis,

217 2784 258 2826 ne
275 2760 360 2826 ferar
376 2761 409 2824 in
425 2784 589 2847 praeceps,
607 2760 729 2845 Tethys
747 2762 826 2826 solet
842 2762 912 2846 ipsa
928 2762 1038 2826 vereri.

169 2868 201 2915 vo
219 2847 300 2911 adde
317 2847 402 2929 quod
420 2846 547 2911 assidua
564 2845 684 2931 rapitur
700 2846 854 2932 vertigine
872 2848 993 2912 caelum

217 2932 383 3015 sideraque
401 2933 464 2996 alta
481 2931 576 2996 trahit
594 2932 750 3014 celerique
767 2932 927 2997 volumine
944 2943 1079 3015 torquet.

217 3019 300 3082 nitor
315 3018 348 3082 in
366 3017 546 3093 adversum,
564 3039 624 3082 nec
640 3039 705 3094 me,
723 3016 779 3100 qui
796 3029 913 3094 cetera,
931 3018 1029 3082 vincit

217 3104 368 3188 impetus,
386 3114 418 3168 et
434 3102 544 3188 rapido
562 3104 736 3167 contrarius
754 3103 870 3169 evehor
887 3104 965 3168 orbi.

217 3190 302 3274 finge
320 3189 410 3252 datos
427 3210 548 3253 currus.
591 3188 668 3271 quid
685 3189 780 3274 ages?
796 3189 954 3274 poterisne
971 3189 1079 3255 rotat's

168 3295 199 3342 75
218 3275 329 3338 obvius
347 3275 391 3339 ire
408 3273 503 3358 polis,
520 3296 561 3339 ne
579 3285 610 3338 te
628 3274 708 3338 citus
726 3273 849 3339 auferat
866 3275 953 3339 axis?

217 3361 348 3424 forsitan
366 3370 398 3423 et
414 3360 503 3423 lucos
520 3359 583 3422 illic
600 3359 757 3442 urbesque
775 3360 907 3424 deorum

218 3446 374 3530 concipias
393 3445 498 3508 animo
516 3444 709 3527 delubraque
728 3445 804 3509 ditia
821 3445 910 3510 donis

217 3532 305 3596 esse?
331 3552 387 3615 per
403 3530 531 3593 insidias
549 3530 608 3595 iter
626 3542 673 3594 eet
690 3531 870 3613 formasque
888 3531 1036 3596 ferarum.

216 3627 314 3699 utque
332 3615 415 3679 viam
433 3626 541 3679 teneas
559 3616 707 3698 nulloque
726 3638 830 3680 errore
847 3616 989 3692 traharis,

167 3721 200 3770 80
218 3724 275 3785 per
292 3713 397 3764 tamen
416 3701 539 3765 adversi
556 3701 709 3784 gradieris
727 3723 845 3765 cornua
861 3701 960 3764 Tauri

216 3787 473 3869 Haemoniosque
491 3808 582 3850 arcus
599 3786 790 3869 violentique
808 3808 863 3850 ora
880 3785 998 3851 Leonis

216 3893 374 3954 saevaque
391 3872 522 3936 circuitu
539 3881 721 3936 curvantem
738 3871 885 3937 bracchia
899 3872 995 3958 longo

217 3956 370 4042 Scorpion
388 3969 481 4039 atque
500 3958 588 4023 aliter
605 3968 789 4022 curvantem
805 3957 952 4022 bracchia
970 3955 1140 4025 Cancrum.

216 4065 274 4106 nec
292 4043 348 4106 tibi
367 4044 586 4127 quadrupedes
604 4043 760 4107 animosos
777 4043 903 4128 ignibus
922 4044 993 4118 illis,

166 4150 199 4203 as
217 4151 296 4218 quos
314 4129 346 4194 in
364 4139 489 4222 pectore
507 4129 637 4209 habent,
655 4150 734 4219 quos
757 4151 810 4199 ore
828 4139 859 4199 et
876 4129 1004 4199 naribus
1023 4128 1142 4206 efflant,
