2574 4478
282 247 647 306 ununuoaruosuou
664 250 736 305 uua
755 251 777 305 1.
795 250 939 306 298-385.
1097 238 1118 305 9

103 380 136 436 et
153 371 269 453 quibus
286 383 333 436 est
351 372 444 436 undis
462 374 583 449 audita,
602 372 740 438 coercuit
756 394 875 438 omnes.

98 454 163 514 iam
180 474 267 516 mare
285 452 358 515 litus
375 451 485 527 habet3
508 453 617 536 pleuos
635 455 718 538 capit
736 455 844 522 alveus
862 475 983 530 amnes3

98 537 230 600 flumina
248 537 424 613 subsidunt,
443 537 602 620 collesque
619 540 705 604 exire
723 539 882 613 videntum

102 625 205 710 surgit
221 624 351 701 humus3
369 635 513 689 crescunt
529 625 600 690 loca
617 626 870 693 decrescentibus
888 631 995 697 undis:
1137 653 1187 703 345

101 723 237 799 postque
255 710 339 774 diem
356 711 484 796 longam
500 711 619 776 nudata
636 713 800 777 cacumina
818 715 915 780 silvae

102 796 285 872 ostendunt,
304 796 477 879 limumque
494 807 603 861 tenent
619 797 652 860 in
669 798 781 863 fronde
798 801 952 866 relictum.

101 882 243 947 redditus
261 880 344 945 orbis
362 892 438 946 erat.
482 903 576 965 quem
595 895 762 967 postquam
780 884 859 949 vidit
875 886 1000 952 inanem

102 979 135 1033 et
152 968 308 1032 desolatas
326 989 420 1052 agere
438 968 501 1031 alta
518 967 640 1032 silentia
659 980 767 1046 terras,

100 1053 280 1119 Deucalion
297 1053 433 1117 lacrimis
450 1053 494 1117 ita
510 1053 668 1136 Pyrrham
685 1055 812 1118 adfatur
829 1056 960 1121 obortis:

101 1146 136 1205 ‘o
155 1161 251 1214 soror,
269 1160 288 1203 o
306 1138 458 1214 coniunx,
476 1160 495 1202 o
512 1139 631 1204 femina
647 1140 715 1204 sola
732 1163 769 1204 su
794 1152 901 1217 erstes‚

100 1247 198 1309 quam
216 1246 382 1289 commune
398 1223 476 1287 mihi
492 1245 594 1309 genus
612 1234 644 1289 et
660 1163 810 1309 patruelis
828 1226 927 1312 origo,

101 1310 215 1376 deinde
233 1322 319 1374 torus
336 1309 452 1386 iunxit,
469 1332 554 1374 uunc
572 1309 641 1394 ipsa
658 1311 798 1394 pericula
814 1312 965 1397 iunguutz

100 1409 269 1472 terrarum,
288 1417 503 1478 quascumque
520 1394 629 1459 vident
646 1418 776 1461 occasus
795 1408 826 1461 et
843 1410 940 1475 ortus,

99 1505 158 1547 nos
178 1482 240 1545 duo
257 1481 350 1545 turba
367 1504 492 1546 sumus:
509 1480 649 1565 possedit
667 1493 771 1546 cetera
787 1494 914 1567 pontus.

99 1568 181 1632 haec
197 1588 323 1650 quoque
341 1565 446 1632 adhuc
462 1566 545 1631 vitae
563 1588 627 1630 non
645 1578 693 1630 est
708 1567 825 1631 fiducia
841 1579 966 1635 nostrae

100 1665 187 1718 certa
205 1652 293 1716 satis:
313 1662 429 1717 terrent
446 1651 627 1716 etiamnunc
644 1652 753 1717 nubila
769 1665 917 1718 mentem.

99 1739 172 1823 quis
189 1738 260 1813 tibi,
279 1736 306 1800 si
323 1737 390 1802 sine
406 1760 458 1802 me
475 1736 548 1801 fatis
567 1748 675 1823 erepta
691 1738 816 1814 fuisses,

98 1846 185 1889 nunc
203 1823 340 1898 animus,
358 1822 549 1899 miseranda,
567 1823 668 1887 foret?
685 1844 749 1907 quo
767 1824 834 1887 sola
850 1824 994 1891 timorem

98 1910 183 1975 ferre
200 1908 295 1973 modo
312 1909 440 1994 posses?
457 1929 521 1991 quo
539 1909 720 1973 consolante
738 1909 879 1974 doleres?

97 2016 237 2077 namque
254 2015 324 2079 ego,
343 1994 436 2058 crede
453 1993 543 2070 mihi,
562 1994 589 2057 si
606 2004 637 2060 te
654 2013 780 2079 quoque
797 2005 912 2080 pontus
929 1996 1069 2076 haberet,

97 2093 130 2145 te
149 2102 306 2163 sequerer,
324 2080 476 2156 coniunx,
495 2090 526 2144 et
543 2101 594 2144 me
612 2101 738 2163 quoque
754 2091 871 2164 pontus
888 2081 1028 2147 haberet.

98 2188 119 2230 o
137 2166 259 2229 utinam
276 2186 402 2249 possem
420 2165 553 2250 populos
571 2187 717 2249 reparare
734 2166 872 2250 paternis

97 2250 220 2317 artibus
238 2261 333 2333 atque
351 2250 471 2314 animas
488 2250 642 2315 formatae
658 2250 824 2316 infundere
842 2250 957 2316 terrae!

96 2358 185 2402 nunc
202 2357 302 2420 genus
319 2335 353 2399 in
369 2335 461 2400 uobis
478 2345 576 2401 restat
592 2337 724 2400 mortale
742 2336 866 2400 duobus
882 2373 926 2384 —

96 2429 143 2491 sic
161 2427 264 2491 visum
281 2426 402 2511 superis
412 2461 453 2470 —-
463 2424 688 2503 hominumque
707 2423 851 2505 exempla
865 2423 1050 2511 manemus!

96 2519 236 2592 dixerat,
256 2525 287 2579 et
304 2514 431 2578 flebant.
474 2513 594 2597 placuit
611 2511 745 2576 caeleste
762 2509 884 2594 precari

95 2623 217 2668 numen
234 2611 265 2665 et
283 2599 434 2663 auxilium
451 2620 509 2682 per
526 2619 631 2661 sacras
671 2617 800 2659 uaerere
818 2605 927 2658 sortes.

95 2688 186 2753 nulla
204 2706 292 2749 mora
308 2695 369 2749 est:
388 2685 505 2748 adeunt
521 2683 638 2769 pariter
649 2617 844 2766 (bephisidas
861 2680 972 2755 undas,

96 2784 133 2838 ut
151 2772 292 2835 noudum
308 2769 458 2853 liquidas,
476 2768 520 2832 sic
537 2769 601 2832 iam
619 2767 701 2831 vada
718 2776 793 2831 nota
811 2776 963 2830 secantes.

95 2858 172 2923 inde
190 2856 245 2922 ubi
262 2856 375 2921 libatos
392 2855 571 2918 inroravere
587 2852 725 2936 liquores

96 2942 241 3007 vestibus
260 2952 291 3006 et
308 2940 417 3025 capiti,
435 2940 570 3004 flectunt
581 2938 717 3022 vestigia
734 2947 861 3001 sanctae

96 3029 140 3092 ad
160 3027 291 3091 delubra
308 3026 401 3102 deae,
419 3047 554 3108 quorum
571 3024 699 3108 fastigia
715 3034 751 3089 tu
789 3023 800 3086 i

95 3113 260 3200 pallebant
276 3133 400 3187 musco,
417 3110 604 3192 stabantque
622 3109 689 3173 sine
706 3046 833 3194 ignibus
852 3131 934 3173 arae.

96 3210 135 3263 ut
152 3197 260 3282 templi
282 3197 413 3281 tetigere
430 3195 562 3281 gradus,
579 3194 759 3278 procumbit
774 3205 906 3277 uterque

96 3305 217 3371 pronus
233 3282 322 3346 humi
339 3280 507 3367 gelidoque
524 3302 643 3364 pavens
661 3279 747 3344 dedit
765 3280 871 3344 oscula
889 3301 975 3343 saxo.

97 3381 194 3452 atque
211 3367 256 3431 ita
274 3367 315 3431 ‘si
332 3366 492 3452 precibus’
511 3367 658 3429 dixerunt
675 3365 819 3428 ‘numina
835 3365 925 3428 iustis

96 3456 184 3519 victa
200 3453 436 3529 remollescuut‚
455 3451 482 3516 si
499 3451 635 3516 flectitur
652 3451 699 3514 ira
717 3452 860 3516 deorum:

97 3541 165 3614 dic,
183 3537 312 3615 Themi,
330 3559 393 3621 qua
410 3537 535 3623 generis
553 3537 704 3601 damnum
721 3535 896 3621 reparabile
913 3536 1012 3600 nostri

97 3635 166 3689 arte
184 3624 237 3701 sit,
256 3635 287 3688 et
303 3623 413 3688 mersis
431 3623 480 3687 fer
496 3645 604 3708 opem,
622 3622 800 3696 mitissima,
817 3620 932 3685 rebus!

95 3721 185 3775 mota
203 3709 262 3774 dea
279 3721 327 3774 cst
344 3719 522 3791 sortemque
540 3708 640 3773 dedit:
658 3707 824 3772 ‘discedite
842 3707 958 3791 templo

97 3807 130 3861 et
148 3795 251 3861 velate
268 3806 363 3879 caput
380 3795 561 3875 cinctasque
578 3793 724 3858 resolvite
741 3802 843 3857 vestes

97 3903 235 3965 ossaque
251 3891 323 3966 post
340 3891 464 3964 tergum
482 3901 616 3964 magnae
633 3878 746 3942 iactate
763 3876 923 3962 parentis?

97 3967 279 4050 obstipuere
297 3965 366 4041 diu;
383 3965 563 4050 rumpitque
581 3963 704 4028 silentia
722 3984 798 4028 voce

96 4051 224 4139 Pyrrha
241 4050 326 4137 prior
342 4050 498 4134 iussisque
516 4050 594 4115 deae
611 4071 722 4136 parere
739 4060 874 4126 recusat,
