<?xml version="1.0" encoding="UTF-8"?>
<!DOCTYPE html PUBLIC "-//W3C//DTD XHTML 1.0 Transitional//EN"
    "http://www.w3.org/TR/xhtml1/DTD/xhtml1-transitional.dtd">
<html xmlns="http://www.w3.org/1999/xhtml" xml:lang="en" lang="en">
 <head>
  <title>
</title>
<meta http-equiv="Content-Type" content="text/html;charset=utf-8" />
  <meta name='ocr-system' content='tesseract 3.04.00' />
  <meta name='ocr-capabilities' content='ocr_page ocr_carea ocr_par ocr_line ocrx_word'/>
</head>
<body>
  <div class='ocr_page' id='page_1' title='image "./carmina03ovidgoog_0076.png"; bbox 0 0 2574 4478; ppageno 0'>
   <div class='ocr_carea' id='block_1_1' title="bbox 198 274 1111 352">
    <p class='ocr_par' dir='ltr' id='par_1_1' title="bbox 198 274 1111 352">
     <span class='ocr_line' id='line_1_1' title="bbox 198 274 1111 352; baseline -0.011 0"><span class='ocrx_word' id='word_1_1' title='bbox 198 291 566 352; x_wconf 79' lang='lat' dir='ltr'><strong>METAMORPHOSEON</strong></span> <span class='ocrx_word' id='word_1_2' title='bbox 577 293 650 348; x_wconf 88' lang='lat' dir='ltr'>LIB.</span> <span class='ocrx_word' id='word_1_3' title='bbox 663 294 686 348; x_wconf 91' lang='grc' dir='ltr'>Ι.</span> <span class='ocrx_word' id='word_1_4' title='bbox 699 290 843 349; x_wconf 74' lang='lat' dir='ltr'>tas-tta</span> <span class='ocrx_word' id='word_1_5' title='bbox 861 289 899 347; x_wconf 85' lang='lat'>11.</span> <span class='ocrx_word' id='word_1_6' title='bbox 912 288 1005 348; x_wconf 81' lang='lat'>1-41.</span> <span class='ocrx_word' id='word_1_7' title='bbox 1072 274 1111 342; x_wconf 89' lang='grc'>19</span> 
     </span>
    </p>
   </div>
   <div class='ocr_carea' id='block_1_2' title="bbox 1186 379 1200 495">
    <p class='ocr_par' dir='ltr' id='par_1_2' title="bbox 1186 379 1200 495">
     <span class='ocr_line' id='line_1_2' title="bbox 1189 379 1200 426; baseline 0 0"><span class='ocrx_word' id='word_1_8' title='bbox 1189 379 1200 426; x_wconf 86' lang='grc'><strong><em>)</em></strong></span> 
     </span>
     <span class='ocr_line' id='line_1_3' title="bbox 1186 451 1190 495; baseline 0 0"><span class='ocrx_word' id='word_1_9' title='bbox 1186 451 1190 495; x_wconf 87' lang='grc' dir='ltr'>Ι</span> 
     </span>
    </p>
   </div>
   <div class='ocr_carea' id='block_1_3' title="bbox 432 516 772 575">
    <p class='ocr_par' dir='ltr' id='par_1_3' title="bbox 432 516 772 575">
     <span class='ocr_line' id='line_1_4' title="bbox 432 516 772 575; baseline -0.006 -2"><span class='ocrx_word' id='word_1_10' title='bbox 432 518 547 574; x_wconf 85' lang='lat' dir='ltr'>LIBER</span> <span class='ocrx_word' id='word_1_11' title='bbox 565 516 772 575; x_wconf 79' lang='lat' dir='ltr'><strong>SECUNDUS.</strong></span> 
     </span>
    </p>
   </div>
   <div class='ocr_carea' id='block_1_4' title="bbox 94 657 1197 1274">
    <p class='ocr_par' dir='ltr' id='par_1_4' title="bbox 94 657 1197 845">
     <span class='ocr_line' id='line_1_5' title="bbox 94 657 1197 765; baseline -0.004 -19"><span class='ocrx_word' id='word_1_12' title='bbox 94 679 198 765; x_wconf 88' lang='lat' dir='ltr'>Regia</span> <span class='ocrx_word' id='word_1_13' title='bbox 215 677 299 745; x_wconf 87' lang='lat' dir='ltr'>Solis</span> <span class='ocrx_word' id='word_1_14' title='bbox 317 686 384 743; x_wconf 87' lang='lat' dir='ltr'>erat</span> <span class='ocrx_word' id='word_1_15' title='bbox 401 675 588 741; x_wconf 77' lang='lat' dir='ltr'>sublimibus</span> <span class='ocrx_word' id='word_1_16' title='bbox 606 675 670 739; x_wconf 89' lang='lat' dir='ltr'>alta</span> <span class='ocrx_word' id='word_1_17' title='bbox 687 673 850 750; x_wconf 90' lang='lat' dir='ltr'>columnis,</span> <span class='ocrx_word' id='word_1_18' title='bbox 1042 657 1197 742; x_wconf 47' lang='lat' dir='ltr'>Placitae</span> 
     </span>
     <span class='ocr_line' id='line_1_6' title="bbox 96 760 960 845; baseline -0.007 -15"><span class='ocrx_word' id='word_1_19' title='bbox 96 767 179 831; x_wconf 86' lang='lat' dir='ltr'>clara</span> <span class='ocrx_word' id='word_1_20' title='bbox 196 765 333 828; x_wconf 80' lang='lat' dir='ltr'><strong>micante</strong></span> <span class='ocrx_word' id='word_1_21' title='bbox 351 784 428 827; x_wconf 88' lang='lat' dir='ltr'>auro</span> <span class='ocrx_word' id='word_1_22' title='bbox 445 762 652 845; x_wconf 89' lang='lat' dir='ltr'>flammasque</span> <span class='ocrx_word' id='word_1_23' title='bbox 669 760 811 825; x_wconf 81' lang='lat' dir='ltr'><strong>imitante</strong></span> <span class='ocrx_word' id='word_1_24' title='bbox 828 781 960 845; x_wconf 86' lang='lat' dir='ltr'><strong>pyropo,</strong></span> 
     </span>
    </p>

    <p class='ocr_par' dir='ltr' id='par_1_5' title="bbox 96 845 878 932">
     <span class='ocr_line' id='line_1_7' title="bbox 96 845 878 932; baseline -0.01 -16"><span class='ocrx_word' id='word_1_25' title='bbox 96 851 185 916; x_wconf 89' lang='lat' dir='ltr'>cuius</span> <span class='ocrx_word' id='word_1_26' title='bbox 203 849 284 914; x_wconf 91' lang='lat' dir='ltr'>ebur</span> <span class='ocrx_word' id='word_1_27' title='bbox 299 848 433 912; x_wconf 88' lang='lat' dir='ltr'>nitidum</span> <span class='ocrx_word' id='word_1_28' title='bbox 451 847 579 932; x_wconf 89' lang='lat' dir='ltr'>fastigia</span> <span class='ocrx_word' id='word_1_29' title='bbox 596 868 719 910; x_wconf 94' lang='lat' dir='ltr'>summa</span> <span class='ocrx_word' id='word_1_30' title='bbox 737 845 878 930; x_wconf 82' lang='lat' dir='ltr'>tegebat3</span> 
     </span>
    </p>

    <p class='ocr_par' dir='ltr' id='par_1_6' title="bbox 96 932 808 1021">
     <span class='ocr_line' id='line_1_8' title="bbox 96 932 808 1021; baseline -0.01 -20"><span class='ocrx_word' id='word_1_31' title='bbox 96 935 218 1021; x_wconf 84' lang='lat' dir='ltr'>argenti</span> <span class='ocrx_word' id='word_1_32' title='bbox 235 934 353 999; x_wconf 82' lang='lat' dir='ltr'>bifores</span> <span class='ocrx_word' id='word_1_33' title='bbox 368 933 536 997; x_wconf 80' lang='lat' dir='ltr'>radiabant</span> <span class='ocrx_word' id='word_1_34' title='bbox 552 932 670 996; x_wconf 92' lang='lat' dir='ltr'>lumine</span> <span class='ocrx_word' id='word_1_35' title='bbox 687 932 808 995; x_wconf 84' lang='lat' dir='ltr'>valvae.</span> 
     </span>
    </p>

    <p class='ocr_par' dir='ltr' id='par_1_7' title="bbox 95 1015 907 1104">
     <span class='ocr_line' id='line_1_9' title="bbox 95 1015 907 1104; baseline -0.007 -18"><span class='ocrx_word' id='word_1_36' title='bbox 95 1020 259 1086; x_wconf 84' lang='lat' dir='ltr'>materiam</span> <span class='ocrx_word' id='word_1_37' title='bbox 277 1018 447 1104; x_wconf 90' lang='lat' dir='ltr'>superabat</span> <span class='ocrx_word' id='word_1_38' title='bbox 464 1040 559 1103; x_wconf 89' lang='lat' dir='ltr'>opus:</span> <span class='ocrx_word' id='word_1_39' title='bbox 576 1040 650 1081; x_wconf 91' lang='lat' dir='ltr'>nam</span> <span class='ocrx_word' id='word_1_40' title='bbox 667 1016 827 1081; x_wconf 81' lang='lat' dir='ltr'><strong>Mulciber</strong></span> <span class='ocrx_word' id='word_1_41' title='bbox 843 1015 907 1080; x_wconf 92' lang='lat' dir='ltr'>illic</span> 
     </span>
    </p>

    <p class='ocr_par' dir='ltr' id='par_1_8' title="bbox 96 1102 817 1191">
     <span class='ocr_line' id='line_1_10' title="bbox 96 1102 817 1191; baseline -0.01 -19"><span class='ocrx_word' id='word_1_42' title='bbox 96 1127 235 1191; x_wconf 90' lang='lat' dir='ltr'>aequora</span> <span class='ocrx_word' id='word_1_43' title='bbox 252 1106 389 1170; x_wconf 89' lang='lat' dir='ltr'>caelarat</span> <span class='ocrx_word' id='word_1_44' title='bbox 404 1103 525 1168; x_wconf 88' lang='lat' dir='ltr'>medias</span> <span class='ocrx_word' id='word_1_45' title='bbox 543 1102 701 1187; x_wconf 81' lang='lat' dir='ltr'>cingentia</span> <span class='ocrx_word' id='word_1_46' title='bbox 718 1113 817 1167; x_wconf 90' lang='lat' dir='ltr'>terras</span> 
     </span>
    </p>

    <p class='ocr_par' dir='ltr' id='par_1_9' title="bbox 97 1184 1011 1274">
     <span class='ocr_line' id='line_1_11' title="bbox 97 1184 1011 1274; baseline -0.005 -18"><span class='ocrx_word' id='word_1_47' title='bbox 97 1204 315 1274; x_wconf 87' lang='lat' dir='ltr'>terrarumque</span> <span class='ocrx_word' id='word_1_48' title='bbox 332 1189 441 1254; x_wconf 90' lang='lat' dir='ltr'>orbem</span> <span class='ocrx_word' id='word_1_49' title='bbox 460 1190 654 1272; x_wconf 88' lang='lat' dir='ltr'>caelumque,</span> <span class='ocrx_word' id='word_1_50' title='bbox 673 1188 758 1271; x_wconf 91' lang='lat' dir='ltr'>quod</span> <span class='ocrx_word' id='word_1_51' title='bbox 775 1186 916 1251; x_wconf 88' lang='lat' dir='ltr'>imminet</span> <span class='ocrx_word' id='word_1_52' title='bbox 933 1184 1011 1251; x_wconf 90' lang='lat' dir='ltr'>orbi.</span> 
     </span>
    </p>
   </div>
   <div class='ocr_carea' id='block_1_5' title="bbox 95 1273 1064 4182">
    <p class='ocr_par' dir='ltr' id='par_1_10' title="bbox 95 1273 986 2301">
     <span class='ocr_line' id='line_1_12' title="bbox 96 1273 898 1351; baseline -0.009 -8"><span class='ocrx_word' id='word_1_53' title='bbox 96 1277 258 1344; x_wconf 88' lang='lat' dir='ltr'>caeruleos</span> <span class='ocrx_word' id='word_1_54' title='bbox 275 1275 372 1340; x_wconf 90' lang='lat' dir='ltr'>habet</span> <span class='ocrx_word' id='word_1_55' title='bbox 387 1274 475 1339; x_wconf 90' lang='lat' dir='ltr'>unda</span> <span class='ocrx_word' id='word_1_56' title='bbox 493 1274 582 1351; x_wconf 90' lang='lat' dir='ltr'>deos,</span> <span class='ocrx_word' id='word_1_57' title='bbox 599 1273 731 1337; x_wconf 83' lang='lat' dir='ltr'>Tritona</span> <span class='ocrx_word' id='word_1_58' title='bbox 747 1294 898 1338; x_wconf 87' lang='lat' dir='ltr'>canorum</span> 
     </span>
     <span class='ocr_line' id='line_1_13' title="bbox 96 1360 986 1446; baseline -0.009 -18"><span class='ocrx_word' id='word_1_59' title='bbox 96 1363 277 1446; x_wconf 87' lang='lat' dir='ltr'>Proteaque</span> <span class='ocrx_word' id='word_1_60' title='bbox 294 1360 480 1446; x_wconf 89' lang='lat' dir='ltr'>ambiguum</span> <span class='ocrx_word' id='word_1_61' title='bbox 504 1360 769 1443; x_wconf 85' lang='lat' dir='ltr'>balaenarumque</span> <span class='ocrx_word' id='word_1_62' title='bbox 792 1367 986 1443; x_wconf 90' lang='lat' dir='ltr'>prementem</span> 
     </span>
     <span class='ocr_line' id='line_1_14' title="bbox 95 1444 779 1534; baseline -0.009 -21"><span class='ocrx_word' id='word_1_63' title='bbox 95 1450 272 1534; x_wconf 87' lang='lat' dir='ltr'>Aegaeona</span> <span class='ocrx_word' id='word_1_64' title='bbox 289 1446 354 1510; x_wconf 90' lang='lat' dir='ltr'>suis</span> <span class='ocrx_word' id='word_1_65' title='bbox 370 1446 521 1511; x_wconf 91' lang='lat' dir='ltr'>immania</span> <span class='ocrx_word' id='word_1_66' title='bbox 538 1456 628 1529; x_wconf 87' lang='lat' dir='ltr'>terga</span> <span class='ocrx_word' id='word_1_67' title='bbox 644 1444 779 1520; x_wconf 85' lang='lat' dir='ltr'>lacertis,</span> 
     </span>
     <span class='ocr_line' id='line_1_15' title="bbox 96 1529 961 1616; baseline -0.007 -18"><span class='ocrx_word' id='word_1_68' title='bbox 96 1534 282 1616; x_wconf 91' lang='lat' dir='ltr'>Doridaque</span> <span class='ocrx_word' id='word_1_69' title='bbox 299 1543 331 1597; x_wconf 92' lang='lat' dir='ltr'>et</span> <span class='ocrx_word' id='word_1_70' title='bbox 348 1542 452 1608; x_wconf 88' lang='lat' dir='ltr'>natas,</span> <span class='ocrx_word' id='word_1_71' title='bbox 470 1552 604 1614; x_wconf 91' lang='lat' dir='ltr'>quarum</span> <span class='ocrx_word' id='word_1_72' title='bbox 621 1552 694 1614; x_wconf 87' lang='lat' dir='ltr'>pars</span> <span class='ocrx_word' id='word_1_73' title='bbox 712 1552 788 1594; x_wconf 91' lang='lat' dir='ltr'>nare</span> <span class='ocrx_word' id='word_1_74' title='bbox 805 1529 961 1607; x_wconf 91' lang='lat' dir='ltr'>videntur,</span> 
     </span>
     <span class='ocr_line' id='line_1_16' title="bbox 97 1615 876 1705; baseline -0.005 -22"><span class='ocrx_word' id='word_1_75' title='bbox 97 1642 170 1705; x_wconf 90' lang='lat' dir='ltr'>pars</span> <span class='ocrx_word' id='word_1_76' title='bbox 186 1618 220 1682; x_wconf 91' lang='lat' dir='ltr'>in</span> <span class='ocrx_word' id='word_1_77' title='bbox 238 1618 321 1684; x_wconf 87' lang='lat' dir='ltr'>mole</span> <span class='ocrx_word' id='word_1_78' title='bbox 339 1617 451 1683; x_wconf 88' lang='lat' dir='ltr'>sedens</span> <span class='ocrx_word' id='word_1_79' title='bbox 468 1617 584 1680; x_wconf 89' lang='lat' dir='ltr'>virides</span> <span class='ocrx_word' id='word_1_80' title='bbox 602 1616 719 1680; x_wconf 88' lang='lat' dir='ltr'>siccare</span> <span class='ocrx_word' id='word_1_81' title='bbox 737 1615 876 1700; x_wconf 83' lang='lat' dir='ltr'>capillos,</span> 
     </span>
     <span class='ocr_line' id='line_1_17' title="bbox 96 1700 932 1791; baseline -0.007 -22"><span class='ocrx_word' id='word_1_82' title='bbox 96 1706 182 1791; x_wconf 90' lang='lat' dir='ltr'>pisce</span> <span class='ocrx_word' id='word_1_83' title='bbox 200 1703 273 1768; x_wconf 90' lang='lat' dir='ltr'>vehi</span> <span class='ocrx_word' id='word_1_84' title='bbox 290 1702 456 1787; x_wconf 88' lang='lat' dir='ltr'>quaedam.</span> <span class='ocrx_word' id='word_1_85' title='bbox 499 1702 596 1766; x_wconf 90' lang='lat' dir='ltr'>facies</span> <span class='ocrx_word' id='word_1_86' title='bbox 613 1723 677 1765; x_wconf 92' lang='lat' dir='ltr'>non</span> <span class='ocrx_word' id='word_1_87' title='bbox 695 1700 840 1765; x_wconf 90' lang='lat' dir='ltr'>omnibus</span> <span class='ocrx_word' id='word_1_88' title='bbox 858 1722 932 1776; x_wconf 90' lang='lat' dir='ltr'>una,</span> 
     </span>
     <span class='ocr_line' id='line_1_18' title="bbox 97 1787 949 1870; baseline -0.006 -15"><span class='ocrx_word' id='word_1_89' title='bbox 97 1813 161 1855; x_wconf 87' lang='lat' dir='ltr'>nen</span> <span class='ocrx_word' id='word_1_90' title='bbox 178 1789 303 1854; x_wconf 88' lang='lat' dir='ltr'>diversa</span> <span class='ocrx_word' id='word_1_91' title='bbox 320 1799 440 1853; x_wconf 85' lang='lat' dir='ltr'>tamen:</span> <span class='ocrx_word' id='word_1_92' title='bbox 459 1788 585 1870; x_wconf 88' lang='lat' dir='ltr'>qualem</span> <span class='ocrx_word' id='word_1_93' title='bbox 603 1787 694 1852; x_wconf 90' lang='lat' dir='ltr'>decet</span> <span class='ocrx_word' id='word_1_94' title='bbox 711 1809 779 1851; x_wconf 91' lang='lat' dir='ltr'>esse</span> <span class='ocrx_word' id='word_1_95' title='bbox 797 1807 949 1850; x_wconf 90' lang='lat' dir='ltr'>sororum.</span> 
     </span>
     <span class='ocr_line' id='line_1_19' title="bbox 97 1873 895 1958; baseline -0.005 -18"><span class='ocrx_word' id='word_1_96' title='bbox 97 1888 180 1941; x_wconf 86' lang='lat' dir='ltr'>terra</span> <span class='ocrx_word' id='word_1_97' title='bbox 197 1875 281 1939; x_wconf 88' lang='lat' dir='ltr'>viros</span> <span class='ocrx_word' id='word_1_98' title='bbox 298 1874 457 1958; x_wconf 84' lang='lat' dir='ltr'>urbesque</span> <span class='ocrx_word' id='word_1_99' title='bbox 474 1873 556 1958; x_wconf 85' lang='lat' dir='ltr'>gerit</span> <span class='ocrx_word' id='word_1_100' title='bbox 573 1873 730 1955; x_wconf 86' lang='lat' dir='ltr'>silvasque</span> <span class='ocrx_word' id='word_1_101' title='bbox 748 1873 895 1954; x_wconf 88' lang='lat' dir='ltr'>ferasque</span> 
     </span>
     <span class='ocr_line' id='line_1_20' title="bbox 97 1957 936 2045; baseline -0.007 -19"><span class='ocrx_word' id='word_1_102' title='bbox 97 1961 290 2044; x_wconf 88' lang='lat' dir='ltr'>fluminaque</span> <span class='ocrx_word' id='word_1_103' title='bbox 308 1970 340 2024; x_wconf 91' lang='lat' dir='ltr'>et</span> <span class='ocrx_word' id='word_1_104' title='bbox 356 1958 512 2045; x_wconf 81' lang='lat' dir='ltr'>nymphas</span> <span class='ocrx_word' id='word_1_105' title='bbox 530 1969 562 2023; x_wconf 89' lang='lat' dir='ltr'>et</span> <span class='ocrx_word' id='word_1_106' title='bbox 579 1970 683 2024; x_wconf 90' lang='lat' dir='ltr'>cetera</span> <span class='ocrx_word' id='word_1_107' title='bbox 699 1958 829 2021; x_wconf 91' lang='lat' dir='ltr'>numina</span> <span class='ocrx_word' id='word_1_108' title='bbox 845 1957 936 2021; x_wconf 90' lang='lat' dir='ltr'>ruris.</span> 
     </span>
     <span class='ocr_line' id='line_1_21' title="bbox 98 2043 914 2131; baseline -0.007 -20"><span class='ocrx_word' id='word_1_109' title='bbox 98 2047 176 2112; x_wconf 90' lang='lat' dir='ltr'>haec</span> <span class='ocrx_word' id='word_1_110' title='bbox 193 2044 453 2131; x_wconf 90' lang='lat' dir='ltr'>superimposita</span> <span class='ocrx_word' id='word_1_111' title='bbox 470 2054 517 2109; x_wconf 89' lang='lat' dir='ltr'>est</span> <span class='ocrx_word' id='word_1_112' title='bbox 534 2044 613 2108; x_wconf 91' lang='lat' dir='ltr'>caeli</span> <span class='ocrx_word' id='word_1_113' title='bbox 630 2043 780 2128; x_wconf 85' lang='lat' dir='ltr'>fulgentis</span> <span class='ocrx_word' id='word_1_114' title='bbox 797 2043 914 2127; x_wconf 87' lang='lat' dir='ltr'>imago,</span> 
     </span>
     <span class='ocr_line' id='line_1_22' title="bbox 98 2127 969 2217; baseline -0.007 -20"><span class='ocrx_word' id='word_1_115' title='bbox 98 2133 252 2217; x_wconf 90' lang='lat' dir='ltr'>signaque</span> <span class='ocrx_word' id='word_1_116' title='bbox 270 2154 325 2196; x_wconf 82' lang='lat' dir='ltr'>sex</span> <span class='ocrx_word' id='word_1_117' title='bbox 342 2130 464 2194; x_wconf 89' lang='lat' dir='ltr'>foribus</span> <span class='ocrx_word' id='word_1_118' title='bbox 481 2129 600 2194; x_wconf 86' lang='lat' dir='ltr'>dextris</span> <span class='ocrx_word' id='word_1_119' title='bbox 616 2129 810 2212; x_wconf 87' lang='lat' dir='ltr'>totidemque</span> <span class='ocrx_word' id='word_1_120' title='bbox 828 2127 969 2192; x_wconf 87' lang='lat' dir='ltr'>sinistris.</span> 
     </span>
     <span class='ocr_line' id='line_1_23' title="bbox 98 2213 849 2301; baseline -0.005 -20"><span class='ocrx_word' id='word_1_121' title='bbox 98 2239 161 2301; x_wconf 94' lang='lat' dir='ltr'>quo</span> <span class='ocrx_word' id='word_1_122' title='bbox 179 2217 274 2281; x_wconf 91' lang='lat' dir='ltr'>simul</span> <span class='ocrx_word' id='word_1_123' title='bbox 291 2216 410 2281; x_wconf 88' lang='lat' dir='ltr'>acclivo</span> <span class='ocrx_word' id='word_1_124' title='bbox 428 2213 614 2299; x_wconf 83' lang='lat' dir='ltr'>Clymeneia</span> <span class='ocrx_word' id='word_1_125' title='bbox 631 2214 728 2279; x_wconf 89' lang='lat' dir='ltr'>limite</span> <span class='ocrx_word' id='word_1_126' title='bbox 745 2214 849 2299; x_wconf 88' lang='lat' dir='ltr'>proles</span> 
     </span>
    </p>

    <p class='ocr_par' dir='ltr' id='par_1_11' title="bbox 99 2300 793 2385">
     <span class='ocr_line' id='line_1_24' title="bbox 99 2300 793 2385; baseline -0.004 -19"><span class='ocrx_word' id='word_1_127' title='bbox 99 2303 185 2368; x_wconf 90' lang='lat' dir='ltr'>venit</span> <span class='ocrx_word' id='word_1_128' title='bbox 201 2313 233 2367; x_wconf 90' lang='lat' dir='ltr'>et</span> <span class='ocrx_word' id='word_1_129' title='bbox 250 2302 378 2365; x_wconf 86' lang='lat' dir='ltr'>intravit</span> <span class='ocrx_word' id='word_1_130' title='bbox 395 2301 529 2365; x_wconf 84' lang='lat' dir='ltr'>dubitati</span> <span class='ocrx_word' id='word_1_131' title='bbox 546 2310 629 2365; x_wconf 88' lang='lat' dir='ltr'>tecta</span> <span class='ocrx_word' id='word_1_132' title='bbox 646 2300 793 2385; x_wconf 88' lang='lat' dir='ltr'>parentis,</span> 
     </span>
    </p>

    <p class='ocr_par' dir='ltr' id='par_1_12' title="bbox 100 2385 966 2623">
     <span class='ocr_line' id='line_1_25' title="bbox 101 2385 862 2474; baseline -0.004 -23"><span class='ocrx_word' id='word_1_133' title='bbox 101 2388 242 2474; x_wconf 90' lang='lat' dir='ltr'>protinus</span> <span class='ocrx_word' id='word_1_134' title='bbox 260 2386 301 2450; x_wconf 91' lang='lat' dir='ltr'>ad</span> <span class='ocrx_word' id='word_1_135' title='bbox 318 2386 434 2471; x_wconf 90' lang='lat' dir='ltr'>patrios</span> <span class='ocrx_word' id='word_1_136' title='bbox 453 2409 510 2450; x_wconf 89' lang='lat' dir='ltr'>sua</span> <span class='ocrx_word' id='word_1_137' title='bbox 526 2386 589 2451; x_wconf 89' lang='lat' dir='ltr'>fert</span> <span class='ocrx_word' id='word_1_138' title='bbox 605 2385 739 2470; x_wconf 84' lang='lat' dir='ltr'>vestigia</span> <span class='ocrx_word' id='word_1_139' title='bbox 756 2385 862 2448; x_wconf 86' lang='lat' dir='ltr'>vultus</span> 
     </span>
     <span class='ocr_line' id='line_1_26' title="bbox 100 2469 966 2556; baseline -0.007 -18"><span class='ocrx_word' id='word_1_140' title='bbox 100 2472 302 2554; x_wconf 85' lang='lat' dir='ltr'>consistitque</span> <span class='ocrx_word' id='word_1_141' title='bbox 319 2472 443 2556; x_wconf 87' lang='lat' dir='ltr'>procul:</span> <span class='ocrx_word' id='word_1_142' title='bbox 461 2493 564 2554; x_wconf 92' lang='lat' dir='ltr'>neque</span> <span class='ocrx_word' id='word_1_143' title='bbox 581 2471 665 2536; x_wconf 89' lang='lat' dir='ltr'>euim</span> <span class='ocrx_word' id='word_1_144' title='bbox 682 2470 828 2556; x_wconf 89' lang='lat' dir='ltr'>propiora</span> <span class='ocrx_word' id='word_1_145' title='bbox 845 2469 966 2535; x_wconf 88' lang='lat' dir='ltr'>ferebat</span> 
     </span>
     <span class='ocr_line' id='line_1_27' title="bbox 100 2555 821 2623; baseline -0.007 0"><span class='ocrx_word' id='word_1_146' title='bbox 100 2558 228 2623; x_wconf 89' lang='lat' dir='ltr'>lumina.</span> <span class='ocrx_word' id='word_1_147' title='bbox 354 2580 430 2622; x_wconf 92' lang='lat' dir='ltr'>urea</span> <span class='ocrx_word' id='word_1_148' title='bbox 446 2558 568 2621; x_wconf 88' lang='lat' dir='ltr'>velatus</span> <span class='ocrx_word' id='word_1_149' title='bbox 585 2568 673 2622; x_wconf 84' lang='lat' dir='ltr'>veste</span> <span class='ocrx_word' id='word_1_150' title='bbox 691 2555 821 2620; x_wconf 89' lang='lat' dir='ltr'>sedebat</span> 
     </span>
    </p>

    <p class='ocr_par' dir='ltr' id='par_1_13' title="bbox 99 2579 849 2726">
     <span class='ocr_line' id='line_1_28' title="bbox 99 2579 849 2726; baseline -0.004 -19"><span class='ocrx_word' id='word_1_151' title='bbox 99 2644 132 2707; x_wconf 94' lang='lat' dir='ltr'>in</span> <span class='ocrx_word' id='word_1_152' title='bbox 149 2643 228 2708; x_wconf 93' lang='lat' dir='ltr'>solio</span> <span class='ocrx_word' id='word_1_153' title='bbox 244 2579 396 2706; x_wconf 66' lang='lat' dir='ltr'>Plbbbus</span> <span class='ocrx_word' id='word_1_154' title='bbox 414 2642 505 2707; x_wconf 86' lang='lat' dir='ltr'>claris</span> <span class='ocrx_word' id='word_1_155' title='bbox 522 2643 647 2708; x_wconf 88' lang='lat' dir='ltr'>lucente</span> <span class='ocrx_word' id='word_1_156' title='bbox 665 2641 849 2726; x_wconf 88' lang='lat' dir='ltr'>smaragdis.</span> 
     </span>
    </p>

    <p class='ocr_par' dir='ltr' id='par_1_14' title="bbox 100 2727 941 3145">
     <span class='ocr_line' id='line_1_29' title="bbox 101 2727 885 2811; baseline -0.005 -18"><span class='ocrx_word' id='word_1_157' title='bbox 101 2752 120 2793; x_wconf 92' lang='lat' dir='ltr'>a</span> <span class='ocrx_word' id='word_1_158' title='bbox 136 2728 248 2794; x_wconf 88' lang='lat' dir='ltr'>dextra</span> <span class='ocrx_word' id='word_1_159' title='bbox 265 2728 418 2811; x_wconf 84' lang='lat' dir='ltr'>laevaque</span> <span class='ocrx_word' id='word_1_160' title='bbox 434 2727 514 2792; x_wconf 92' lang='lat' dir='ltr'>Dies</span> <span class='ocrx_word' id='word_1_161' title='bbox 532 2739 563 2792; x_wconf 92' lang='lat' dir='ltr'>et</span> <span class='ocrx_word' id='word_1_162' title='bbox 580 2728 704 2792; x_wconf 89' lang='lat' dir='ltr'>Mensis</span> <span class='ocrx_word' id='word_1_163' title='bbox 722 2738 753 2792; x_wconf 88' lang='lat' dir='ltr'>et</span> <span class='ocrx_word' id='word_1_164' title='bbox 769 2729 885 2790; x_wconf 82' lang='lat' dir='ltr'>Annus</span> 
     </span>
     <span class='ocr_line' id='line_1_30' title="bbox 100 2813 941 2898; baseline -0.002 -19"><span class='ocrx_word' id='word_1_165' title='bbox 100 2813 299 2897; x_wconf 85' lang='lat' dir='ltr'>Saeculaque</span> <span class='ocrx_word' id='word_1_166' title='bbox 317 2825 348 2878; x_wconf 92' lang='lat' dir='ltr'>et</span> <span class='ocrx_word' id='word_1_167' title='bbox 365 2813 486 2898; x_wconf 89' lang='lat' dir='ltr'>positae</span> <span class='ocrx_word' id='word_1_168' title='bbox 503 2813 612 2898; x_wconf 87' lang='lat' dir='ltr'>spatiis</span> <span class='ocrx_word' id='word_1_169' title='bbox 630 2813 814 2896; x_wconf 90' lang='lat' dir='ltr'>aequalibus</span> <span class='ocrx_word' id='word_1_170' title='bbox 832 2813 941 2877; x_wconf 89' lang='lat' dir='ltr'>Horae</span> 
     </span>
     <span class='ocr_line' id='line_1_31' title="bbox 101 2899 931 2983; baseline -0.005 -19"><span class='ocrx_word' id='word_1_171' title='bbox 101 2899 229 2983; x_wconf 89' lang='lat' dir='ltr'>Verque</span> <span class='ocrx_word' id='word_1_172' title='bbox 246 2921 365 2963; x_wconf 88' lang='lat' dir='ltr'>novum</span> <span class='ocrx_word' id='word_1_173' title='bbox 382 2899 487 2963; x_wconf 82' lang='lat' dir='ltr'>stabat</span> <span class='ocrx_word' id='word_1_174' title='bbox 504 2899 641 2963; x_wconf 86' lang='lat' dir='ltr'>cinctum</span> <span class='ocrx_word' id='word_1_175' title='bbox 658 2900 787 2963; x_wconf 86' lang='lat' dir='ltr'>florente</span> <span class='ocrx_word' id='word_1_176' title='bbox 806 2919 931 2972; x_wconf 91' lang='lat' dir='ltr'>corona,</span> 
     </span>
     <span class='ocr_line' id='line_1_32' title="bbox 102 2983 900 3069; baseline -0.003 -21"><span class='ocrx_word' id='word_1_177' title='bbox 102 2985 205 3049; x_wconf 88' lang='lat' dir='ltr'>stabat</span> <span class='ocrx_word' id='word_1_178' title='bbox 221 2984 308 3049; x_wconf 90' lang='lat' dir='ltr'>nuda</span> <span class='ocrx_word' id='word_1_179' title='bbox 324 2985 441 3049; x_wconf 88' lang='lat' dir='ltr'>Aestas</span> <span class='ocrx_word' id='word_1_180' title='bbox 460 2995 489 3049; x_wconf 91' lang='lat' dir='ltr'>et</span> <span class='ocrx_word' id='word_1_181' title='bbox 507 2984 613 3069; x_wconf 89' lang='lat' dir='ltr'>spicea</span> <span class='ocrx_word' id='word_1_182' title='bbox 629 2993 713 3048; x_wconf 88' lang='lat' dir='ltr'>serta</span> <span class='ocrx_word' id='word_1_183' title='bbox 729 2983 870 3068; x_wconf 89' lang='lat' dir='ltr'>gerebat,</span> <span class='ocrx_word' id='word_1_184' title='bbox 896 3044 900 3055; x_wconf 88' lang='grc'><em>,</em></span> 
     </span>
     <span class='ocr_line' id='line_1_33' title="bbox 100 3068 857 3145; baseline -0.001 -12"><span class='ocrx_word' id='word_1_185' title='bbox 100 3070 203 3135; x_wconf 90' lang='lat' dir='ltr'>stabat</span> <span class='ocrx_word' id='word_1_186' title='bbox 220 3080 252 3134; x_wconf 91' lang='lat' dir='ltr'>et</span> <span class='ocrx_word' id='word_1_187' title='bbox 268 3071 451 3134; x_wconf 89' lang='lat' dir='ltr'>Autumnus</span> <span class='ocrx_word' id='word_1_188' title='bbox 469 3069 597 3134; x_wconf 88' lang='lat' dir='ltr'>calcatis</span> <span class='ocrx_word' id='word_1_189' title='bbox 615 3068 759 3133; x_wconf 89' lang='lat' dir='ltr'>sordidus</span> <span class='ocrx_word' id='word_1_190' title='bbox 777 3069 857 3145; x_wconf 89' lang='lat' dir='ltr'>uvis,</span> 
     </span>
    </p>

    <p class='ocr_par' dir='ltr' id='par_1_15' title="bbox 101 3153 828 3240">
     <span class='ocr_line' id='line_1_34' title="bbox 101 3153 828 3240; baseline -0.003 -20"><span class='ocrx_word' id='word_1_191' title='bbox 101 3167 131 3220; x_wconf 85' lang='lat' dir='ltr'>et</span> <span class='ocrx_word' id='word_1_192' title='bbox 147 3155 289 3240; x_wconf 88' lang='lat' dir='ltr'>glacialis</span> <span class='ocrx_word' id='word_1_193' title='bbox 307 3155 420 3219; x_wconf 88' lang='lat' dir='ltr'>Hiems</span> <span class='ocrx_word' id='word_1_194' title='bbox 438 3175 533 3219; x_wconf 91' lang='lat' dir='ltr'>canos</span> <span class='ocrx_word' id='word_1_195' title='bbox 550 3154 671 3218; x_wconf 87' lang='lat' dir='ltr'>hirsuta</span> <span class='ocrx_word' id='word_1_196' title='bbox 688 3153 828 3239; x_wconf 90' lang='lat' dir='ltr'>capillos.</span> 
     </span>
    </p>

    <p class='ocr_par' dir='ltr' id='par_1_16' title="bbox 99 3239 862 3323">
     <span class='ocr_line' id='line_1_35' title="bbox 99 3239 862 3323; baseline -0.003 -19"><span class='ocrx_word' id='word_1_197' title='bbox 99 3241 172 3305; x_wconf 90' lang='lat' dir='ltr'>inde</span> <span class='ocrx_word' id='word_1_198' title='bbox 189 3241 259 3304; x_wconf 88' lang='lat' dir='ltr'>loco</span> <span class='ocrx_word' id='word_1_199' title='bbox 275 3241 398 3304; x_wconf 88' lang='lat' dir='ltr'>medius</span> <span class='ocrx_word' id='word_1_200' title='bbox 415 3262 520 3304; x_wconf 90' lang='lat' dir='ltr'>rerum</span> <span class='ocrx_word' id='word_1_201' title='bbox 537 3239 676 3304; x_wconf 87' lang='lat' dir='ltr'>novitate</span> <span class='ocrx_word' id='word_1_202' title='bbox 693 3251 862 3323; x_wconf 86' lang='lat' dir='ltr'>paventem</span> 
     </span>
    </p>

    <p class='ocr_par' dir='ltr' id='par_1_17' title="bbox 96 3324 1064 4182">
     <span class='ocr_line' id='line_1_36' title="bbox 101 3324 944 3410; baseline -0.002 -19"><span class='ocrx_word' id='word_1_203' title='bbox 101 3324 157 3391; x_wconf 90' lang='lat' dir='ltr'>Sol</span> <span class='ocrx_word' id='word_1_204' title='bbox 175 3325 273 3390; x_wconf 91' lang='lat' dir='ltr'>oculis</span> <span class='ocrx_word' id='word_1_205' title='bbox 289 3325 450 3399; x_wconf 90' lang='lat' dir='ltr'>iuvenem,</span> <span class='ocrx_word' id='word_1_206' title='bbox 468 3324 583 3408; x_wconf 90' lang='lat' dir='ltr'>quibus</span> <span class='ocrx_word' id='word_1_207' title='bbox 601 3324 714 3410; x_wconf 91' lang='lat' dir='ltr'>aspicit</span> <span class='ocrx_word' id='word_1_208' title='bbox 730 3326 848 3401; x_wconf 91' lang='lat' dir='ltr'>omnia,</span> <span class='ocrx_word' id='word_1_209' title='bbox 867 3325 944 3389; x_wconf 88' lang='lat' dir='ltr'>vidit</span> 
     </span>
     <span class='ocr_line' id='line_1_37' title="bbox 100 3409 1064 3495; baseline 0.001 -21"><span class='ocrx_word' id='word_1_210' title='bbox 100 3411 274 3494; x_wconf 85' lang='lat' dir='ltr'>‘quae’que</span> <span class='ocrx_word' id='word_1_211' title='bbox 292 3411 375 3475; x_wconf 88' lang='lat' dir='ltr'>‘viae</span> <span class='ocrx_word' id='word_1_212' title='bbox 393 3410 450 3473; x_wconf 86' lang='lat' dir='ltr'>tibi</span> <span class='ocrx_word' id='word_1_213' title='bbox 467 3411 581 3474; x_wconf 88' lang='lat' dir='ltr'>causa?</span> <span class='ocrx_word' id='word_1_214' title='bbox 599 3410 676 3492; x_wconf 92' lang='lat' dir='ltr'>quid</span> <span class='ocrx_word' id='word_1_215' title='bbox 693 3409 767 3474; x_wconf 83' lang='lat' dir='ltr'>hac&#39;</span> <span class='ocrx_word' id='word_1_216' title='bbox 786 3411 829 3474; x_wconf 89' lang='lat' dir='ltr'>ait</span> <span class='ocrx_word' id='word_1_217' title='bbox 847 3417 931 3474; x_wconf 86' lang='lat' dir='ltr'>‘arce</span> <span class='ocrx_word' id='word_1_218' title='bbox 949 3411 1064 3495; x_wconf 87' lang='lat' dir='ltr'>petisti,</span> 
     </span>
     <span class='ocr_line' id='line_1_38' title="bbox 99 3494 922 3580; baseline -0.001 -21"><span class='ocrx_word' id='word_1_219' title='bbox 99 3496 281 3580; x_wconf 88' lang='lat' dir='ltr'>progenies,</span> <span class='ocrx_word' id='word_1_220' title='bbox 299 3494 480 3571; x_wconf 75' lang='lat' dir='ltr'>Phaethon,</span> <span class='ocrx_word' id='word_1_221' title='bbox 498 3495 584 3559; x_wconf 90' lang='lat' dir='ltr'>haud</span> <span class='ocrx_word' id='word_1_222' title='bbox 601 3495 765 3559; x_wconf 88' lang='lat' dir='ltr'>infitianda</span> <span class='ocrx_word' id='word_1_223' title='bbox 782 3495 922 3580; x_wconf 84' lang='lat' dir='ltr'>parenti?</span> 
     </span>
     <span class='ocr_line' id='line_1_39' title="bbox 99 3580 833 3665; baseline -0.003 -20"><span class='ocrx_word' id='word_1_224' title='bbox 99 3583 151 3645; x_wconf 92' lang='lat' dir='ltr'>ille</span> <span class='ocrx_word' id='word_1_225' title='bbox 168 3580 266 3645; x_wconf 87' lang='lat' dir='ltr'>refert</span> <span class='ocrx_word' id='word_1_226' title='bbox 283 3586 316 3644; x_wconf 94' lang='lat' dir='ltr'>‘o</span> <span class='ocrx_word' id='word_1_227' title='bbox 333 3581 389 3644; x_wconf 89' lang='lat' dir='ltr'>lux</span> <span class='ocrx_word' id='word_1_228' title='bbox 405 3580 551 3645; x_wconf 91' lang='lat' dir='ltr'>immensi</span> <span class='ocrx_word' id='word_1_229' title='bbox 568 3581 696 3665; x_wconf 90' lang='lat' dir='ltr'>publica</span> <span class='ocrx_word' id='word_1_230' title='bbox 712 3581 833 3656; x_wconf 87' lang='lat' dir='ltr'>mundi,</span> 
     </span>
     <span class='ocr_line' id='line_1_40' title="bbox 98 3664 963 3750; baseline 0.001 -21"><span class='ocrx_word' id='word_1_231' title='bbox 98 3666 245 3741; x_wconf 89' lang='lat' dir='ltr'>Phoebe,</span> <span class='ocrx_word' id='word_1_232' title='bbox 262 3679 361 3750; x_wconf 89' lang='lat' dir='ltr'>pater,</span> <span class='ocrx_word' id='word_1_233' title='bbox 379 3664 406 3729; x_wconf 90' lang='lat' dir='ltr'>si</span> <span class='ocrx_word' id='word_1_234' title='bbox 424 3666 480 3729; x_wconf 90' lang='lat' dir='ltr'>das</span> <span class='ocrx_word' id='word_1_235' title='bbox 498 3665 592 3729; x_wconf 91' lang='lat' dir='ltr'>huius</span> <span class='ocrx_word' id='word_1_236' title='bbox 609 3666 686 3730; x_wconf 90' lang='lat' dir='ltr'>mihi</span> <span class='ocrx_word' id='word_1_237' title='bbox 708 3666 842 3730; x_wconf 90' lang='lat' dir='ltr'>nominis</span> <span class='ocrx_word' id='word_1_238' title='bbox 860 3689 963 3742; x_wconf 88' lang='lat' dir='ltr'>usum,</span> 
     </span>
     <span class='ocr_line' id='line_1_41' title="bbox 99 3746 919 3837; baseline 0.001 -22"><span class='ocrx_word' id='word_1_239' title='bbox 99 3773 158 3815; x_wconf 91' lang='lat' dir='ltr'>nec</span> <span class='ocrx_word' id='word_1_240' title='bbox 175 3751 257 3814; x_wconf 85' lang='lat' dir='ltr'>falsa</span> <span class='ocrx_word' id='word_1_241' title='bbox 275 3746 429 3836; x_wconf 86' lang='lat' dir='ltr'>Clymene</span> <span class='ocrx_word' id='word_1_242' title='bbox 448 3752 574 3836; x_wconf 90' lang='lat' dir='ltr'>culpam</span> <span class='ocrx_word' id='word_1_243' title='bbox 592 3751 651 3815; x_wconf 87' lang='lat' dir='ltr'>sub</span> <span class='ocrx_word' id='word_1_244' title='bbox 668 3751 807 3837; x_wconf 90' lang='lat' dir='ltr'>imagine</span> <span class='ocrx_word' id='word_1_245' title='bbox 825 3752 919 3816; x_wconf 85' lang='lat' dir='ltr'>celat:</span> 
     </span>
     <span class='ocr_line' id='line_1_42' title="bbox 97 3834 950 3922; baseline 0.002 -23"><span class='ocrx_word' id='word_1_246' title='bbox 97 3837 233 3921; x_wconf 88' lang='lat' dir='ltr'>pignora</span> <span class='ocrx_word' id='word_1_247' title='bbox 250 3834 306 3912; x_wconf 91' lang='lat' dir='ltr'>da,</span> <span class='ocrx_word' id='word_1_248' title='bbox 322 3835 455 3921; x_wconf 90' lang='lat' dir='ltr'>genitor,</span> <span class='ocrx_word' id='word_1_249' title='bbox 472 3858 530 3920; x_wconf 88' lang='lat' dir='ltr'>per</span> <span class='ocrx_word' id='word_1_250' title='bbox 546 3856 628 3919; x_wconf 90' lang='lat' dir='ltr'>quae</span> <span class='ocrx_word' id='word_1_251' title='bbox 645 3848 700 3901; x_wconf 91' lang='lat' dir='ltr'>tua</span> <span class='ocrx_word' id='word_1_252' title='bbox 717 3859 792 3901; x_wconf 91' lang='lat' dir='ltr'>vera</span> <span class='ocrx_word' id='word_1_253' title='bbox 809 3858 950 3922; x_wconf 86' lang='lat' dir='ltr'>propago</span> 
     </span>
     <span class='ocr_line' id='line_1_43' title="bbox 97 3920 953 3997; baseline 0.001 -12"><span class='ocrx_word' id='word_1_254' title='bbox 97 3921 219 3997; x_wconf 90' lang='lat' dir='ltr'>credar,</span> <span class='ocrx_word' id='word_1_255' title='bbox 236 3930 269 3986; x_wconf 90' lang='lat' dir='ltr'>et</span> <span class='ocrx_word' id='word_1_256' title='bbox 285 3920 370 3984; x_wconf 89' lang='lat' dir='ltr'>hune</span> <span class='ocrx_word' id='word_1_257' title='bbox 388 3921 499 3984; x_wconf 86' lang='lat' dir='ltr'>animis</span> <span class='ocrx_word' id='word_1_258' title='bbox 517 3943 653 3986; x_wconf 89' lang='lat' dir='ltr'>errorem</span> <span class='ocrx_word' id='word_1_259' title='bbox 672 3920 801 3987; x_wconf 89' lang='lat' dir='ltr'>detrahe</span> <span class='ocrx_word' id='word_1_260' title='bbox 818 3923 953 3986; x_wconf 68' lang='lat' dir='ltr'>nostris!</span> 
     </span>
     <span class='ocr_line' id='line_1_44' title="bbox 96 4006 975 4092; baseline 0.002 -22"><span class='ocrx_word' id='word_1_261' title='bbox 96 4007 232 4072; x_wconf 83' lang='lat' dir='ltr'>dixerat.</span> <span class='ocrx_word' id='word_1_262' title='bbox 275 4016 308 4069; x_wconf 92' lang='lat' dir='ltr'>at</span> <span class='ocrx_word' id='word_1_263' title='bbox 324 4006 449 4090; x_wconf 87' lang='lat' dir='ltr'>genitor</span> <span class='ocrx_word' id='word_1_264' title='bbox 466 4007 584 4071; x_wconf 90' lang='lat' dir='ltr'>circum</span> <span class='ocrx_word' id='word_1_265' title='bbox 602 4018 697 4092; x_wconf 90' lang='lat' dir='ltr'>caput</span> <span class='ocrx_word' id='word_1_266' title='bbox 714 4029 806 4072; x_wconf 90' lang='lat' dir='ltr'>omne</span> <span class='ocrx_word' id='word_1_267' title='bbox 824 4007 975 4074; x_wconf 88' lang='lat' dir='ltr'>micantes</span> 
     </span>
     <span class='ocr_line' id='line_1_45' title="bbox 96 4089 858 4182; baseline 0 -24"><span class='ocrx_word' id='word_1_268' title='bbox 96 4090 245 4182; x_wconf 87' lang='lat' dir='ltr'>deposuit</span> <span class='ocrx_word' id='word_1_269' title='bbox 261 4089 366 4156; x_wconf 88' lang='lat' dir='ltr'>radios</span> <span class='ocrx_word' id='word_1_270' title='bbox 383 4091 575 4180; x_wconf 88' lang='lat' dir='ltr'>propiusque</span> <span class='ocrx_word' id='word_1_271' title='bbox 592 4092 741 4158; x_wconf 88' lang='lat' dir='ltr'>accedere</span> <span class='ocrx_word' id='word_1_272' title='bbox 757 4092 858 4171; x_wconf 87' lang='lat' dir='ltr'>iussit,</span> 
     </span>
    </p>
   </div>
   <div class='ocr_carea' id='block_1_6' title="bbox 911 4192 949 4253">
    <p class='ocr_par' dir='ltr' id='par_1_18' title="bbox 911 4192 949 4253">
     <span class='ocr_line' id='line_1_46' title="bbox 911 4192 949 4253; baseline -0.026 0"><span class='ocrx_word' id='word_1_273' title='bbox 911 4192 949 4253; x_wconf 67' lang='lat' dir='ltr'>‘l‘</span> 
     </span>
    </p>
   </div>
   <div class='ocr_carea' id='block_1_7' title="bbox 0 0 1299 4478">
    <p class='ocr_par' dir='ltr' id='par_1_19' title="bbox 0 0 1299 4478">
     <span class='ocr_line' id='line_1_47' title="bbox 0 0 1299 4478; baseline 0 0"><span class='ocrx_word' id='word_1_274' title='bbox 0 0 1299 4478; x_wconf 95' lang='lat' dir='ltr'> </span> 
     </span>
    </p>
   </div>
  </div>
 </body>
</html>
