2574 4478
275 264 641 323 METAMORPHOSEON
658 265 730 320 LIB.
748 266 772 320 Ι.
789 264 934 320 aro-297.

97 392 154 457 sed
171 391 289 467 timuit,
307 414 347 454 ne
365 391 445 455 forte
463 412 551 455 sacer
568 401 614 454 tot
632 389 672 453 ab
691 389 816 473 ignibus
835 388 943 453 aether

97 478 277 562 conciperet
294 477 452 552 flammas,
470 477 646 560 longusque
665 477 841 540 ardesceret
858 474 936 538 axis.

97 586 167 628 esse
186 584 312 646 quoque
328 561 362 625 in
380 561 452 625 l'atis
470 561 688 636 reminiscitur,
706 559 815 624 adfore
833 570 967 643 tempus,

97 669 162 732 quo
179 671 280 725 mare,
299 668 362 730 quo
380 647 472 712 tellus
491 657 696 732 correptaque
714 644 801 730 regia
819 645 898 710 caeli

97 734 209 799 ardeat
226 743 258 798 et
274 732 385 796 muudi
402 732 501 796 moles
519 753 652 816 operosa
668 730 799 795 laboret.

97 821 161 884 tela
178 830 373 904 reponuntur
390 818 536 881 manibus
554 816 708 882 fabricata
726 814 913 901 Cyclopum.

97 927 201 990 poena
219 905 322 989 placet
340 903 478 979 diversa,
496 925 596 988 genus
614 903 746 967 mortale
764 902 823 966 sub
841 902 934 966 undis

97 991 231 1076 perdere
248 999 281 1055 et
298 1012 338 1054 ex
356 989 441 1052 omni
458 988 582 1052 nimbos
601 987 763 1053 demittere
781 988 878 1051 caelo

97 1076 242 1161 protinus
258 1073 381 1139 Aeoliis
397 1074 592 1157 Aquilonem
610 1073 728 1137 clandit
744 1073 778 1136 in
795 1074 902 1148 antris,

98 1172 130 1226 et
147 1181 366 1243 quaecumque
383 1159 497 1244 fugant
513 1158 658 1223 inductas
675 1159 802 1222 flamina
818 1159 930 1236 nubes,

99 1246 276 1329 emittitque
293 1245 423 1309 Notum.
466 1244 601 1308 madidis
618 1244 721 1308 Notus
738 1245 842 1308 evolat
859 1244 926 1320 alis,

99 1331 271 1396 terribilem
288 1331 377 1415 picea
395 1342 496 1394 tectus
514 1329 648 1414 caligine
666 1330 803 1393 vultum:

97 1416 199 1481 barba
216 1416 321 1501 gravis
339 1416 465 1492 nimbis,
484 1415 570 1479 canis
586 1414 656 1478 fluit
671 1415 758 1479 unda
775 1415 906 1501 capillis,

98 1502 203 1566 fronte
221 1502 331 1566 sedent
347 1501 493 1576 nebulae,
511 1510 618 1565 rorant
634 1522 821 1586 pennaeque
839 1502 1000 1585 sinusque.

97 1598 198 1671 utque
214 1610 311 1651 manu
328 1587 391 1652 late
408 1586 577 1671 pendentia
594 1586 702 1649 nubila
720 1586 842 1670 pressit,

97 1674 134 1737 fit
151 1672 273 1758 fragor3
291 1672 364 1736 hinc
382 1671 470 1736 densi
487 1671 663 1735 funduntur
680 1671 721 1735 ab
739 1672 864 1736 aethere
881 1672 991 1736 nimbi.

98 1757 210 1822 nuntia
227 1757 357 1821 Iunonis
375 1757 478 1821 varios
496 1757 607 1820 induta
624 1757 743 1820 colores

98 1843 237 1928 concipit
252 1842 313 1907 Iris
332 1863 431 1925 aquas
448 1842 658 1925 alimentaque
675 1842 813 1906 nubibus
831 1842 943 1908 adfert.

99 1939 282 1993 sternuntur
299 1939 422 2012 segetes
441 1940 472 1992 et
489 1928 651 2012 deplorata
669 1928 787 1992 colonis

98 2024 175 2078 vota
191 2013 308 2090 iacent,
325 2013 475 2097 longique
491 2013 574 2098 perit
590 2013 679 2077 labor
695 2013 800 2077 irritus
818 2014 902 2077 anui.

97 2121 159 2163 nec
177 2100 264 2162 caelo
282 2109 429 2162 contenta
447 2120 504 2162 suo
522 2109 570 2162 est
586 2097 672 2162 Iovis
689 2098 750 2175 ira,
769 2099 825 2178 sed
842 2099 931 2163 illum

99 2185 263 2249 caeruleus
280 2182 378 2248 frater
394 2183 483 2247 iuvat
500 2183 704 2247 auxiliaribus
722 2185 825 2248 undis.

99 2280 254 2334 convocat
271 2268 323 2333 hic
339 2269 472 2333 Amnes.
516 2270 571 2352 qui
588 2281 756 2354 postquam
773 2281 856 2334 tecta
873 2270 999 2354 tyranni

97 2355 256 2419 intravere
274 2355 337 2430 sui,
357 2360 434 2418 ‘non
452 2365 499 2418 est
517 2354 691 2418 hortamine
707 2354 803 2440 longo

98 2439 198 2504 nunc'
217 2439 261 2504 ait
279 2441 455 2504 ‘utendum
499 2439 581 2504 vires
599 2439 751 2504 effundite
769 2451 888 2505 vestras

97 2525 160 2605 (sic
178 2546 257 2609 opus
276 2525 348 2610 est),
367 2526 485 2624 aperite
503 2525 612 2589 domos
631 2548 668 2589 ac
685 2526 767 2591 mole
785 2537 906 2590 remota

97 2609 282 2674 fluminibus
299 2621 412 2674 vestris
430 2621 511 2674 totas
528 2610 675 2675 inmittite
693 2610 861 2675 habenasl’

97 2696 242 2760 iusserat.
285 2694 319 2759 hi
336 2694 468 2761 redeunt
485 2717 523 2759 ac
540 2696 680 2761 fontibus
698 2718 753 2761 ora
769 2697 921 2774 relaxant,

98 2790 130 2844 et
148 2780 311 2846 defrenato
329 2782 499 2845 volvuntur
515 2781 548 2844 in
565 2802 703 2864 aequora
720 2804 823 2846 cursu.

96 2866 167 2950 ipse
185 2865 319 2931 tridente
337 2888 394 2931 suo
412 2877 528 2931 terram
544 2867 712 2950 percussit:
730 2878 763 2931 at
779 2868 833 2932 illa

96 2951 261 3015 intremuit
277 2963 429 3033 motuque
446 2952 514 3016 vias
530 2953 680 3036 patefecit
697 2974 860 3036 aquarum.

97 3036 260 3121 expatiata
277 3047 373 3100 ruunt
391 3060 446 3122 per
464 3049 589 3122 apertos
606 3037 736 3101 flumina
753 3061 892 3123 campos,

97 3143 236 3204 cumque
254 3123 329 3186 satis
347 3122 476 3186 arbusta
494 3122 586 3186 simul
603 3122 803 3207 pecudesque
821 3124 967 3207 virosque

95 3217 246 3290 tectaque
264 3228 399 3290 cumque
418 3208 482 3271 suis
500 3207 625 3293 rapiunt
642 3209 815 3292 penetralia
833 3211 938 3274 sacris.

96 3293 124 3356 si
142 3312 207 3374 qua
225 3292 336 3356 domus
354 3293 469 3356 mansit
485 3293 650 3377 potuitque
667 3295 810 3359 resistere
828 3306 916 3359 tanto

95 3377 255 3441 indeiecta
271 3379 364 3454 malo,
383 3378 508 3442 culmen
525 3390 631 3442 tamen
649 3378 740 3442 altior
756 3380 850 3444 huius

95 3463 185 3526 unda
202 3462 294 3548 tegit,
312 3485 501 3547 pressaeque
517 3465 616 3527 latent
634 3465 693 3528 sub
710 3465 835 3550 gurgite
853 3477 963 3530 turres.

96 3547 225 3630 iamque
242 3571 329 3613 mare
347 3559 379 3612 et
396 3549 487 3612 tellus
506 3550 627 3612 nullum
645 3549 813 3614 discrimen
829 3551 1004 3616 habebantr

96 3633 205 3697 omnia
221 3643 336 3716 pontus
354 3645 456 3698 erant:
475 3634 604 3697 deerant
621 3655 747 3718 quoque
763 3635 855 3700 litora
872 3647 979 3721 ponto.

96 3729 234 3803 occupat
250 3717 301 3782 hic
319 3719 444 3794 collem3
464 3718 578 3783 cumba
595 3719 683 3785 sedet
700 3721 779 3784 alter
796 3722 920 3786 adunca

96 3815 129 3867 et
146 3803 234 3868 ducit
251 3825 354 3868 remos
372 3803 449 3881 illic,
466 3804 523 3868 ubi
540 3827 641 3889 nuper
658 3817 771 3870 ararat.

95 3887 148 3952 ille
166 3910 263 3973 supra
280 3899 403 3973 segetes
421 3902 476 3953 aut
493 3912 614 3954 mersae
631 3890 768 3954 culmina
785 3891 877 3956 villae

69 4040 73 4047 ,
95 3974 241 4058 navigat:
259 3972 312 4039 hic
329 3997 452 4038 summa
469 3975 588 4058 piscem
606 3976 771 4060 deprendit
786 3976 819 4039 in
836 3979 931 4044 ulmo.

95 4058 203 4145 figitur
219 4058 255 4123 in
271 4059 378 4138 viridi,
397 4060 423 4125 si
440 4059 506 4126 fors
523 4060 605 4139 tulit,
623 4083 739 4128 ancora
754 4074 856 4148 prato,

1095 252 1114 316 7

1133 493 1183 542 255
