2574 4478
227 309 593 368 unrnuoarnosnou
608 311 682 365 nm.
701 311 752 365 rx.
772 308 916 367 loo-186.
1018 291 1079 362 149

56 434 204 503 flemus?’
224 435 269 500 ait
285 436 412 521 ‘paelex
429 434 565 500 lacrimis
581 434 751 500 laetabitur
768 435 844 498 istis.

56 545 142 608 quae
160 521 309 607 quoniam
327 520 487 671 adveniplt,
508 522 742 606 properandum
759 520 942 605 aliquidque
960 541 1080 586 novan-
1099 537 1147 589 145

464 630 519 671 um
537 620 594 682 est,

57 694 137 759 dum
154 693 226 759 licet
245 704 278 759 et
294 694 435 758 nondum
453 693 607 757 thalamos
624 702 710 757 tenet
727 692 824 758 altera
843 702 977 757 nostros.

57 801 235 862 conquerar
252 803 295 844 an
311 779 439 844 sileam?
455 789 597 863 repetam
615 775 781 862 Calydona
798 778 960 842 morerne?

56 865 213 931 excedam
230 865 321 930 tectis
339 889 395 942 an,
413 864 440 929 si
457 864 535 928 nihil
552 864 703 949 amplius,
721 865 863 929 obstem?

55 951 137 1034 quid
155 950 197 1028 si,
214 973 280 1027 me,
298 950 476 1036 Meleagro,
494 960 582 1013 tuam
599 971 806 1014 memorasse
824 971 973 1026 sororem,

55 1036 140 1101 forte
158 1059 236 1121 paro
253 1036 391 1113 facinus,
410 1047 626 1119 quantumque
643 1035 757 1099 iniuria
774 1035 874 1120 possit

56 1120 278 1203 femineusque
296 1122 394 1200 dolor,
412 1121 555 1205 iugulata
571 1121 691 1205 paelice
709 1121 837 1185 testorl'

51 1207 87 1273 in
106 1228 218 1270 cursus
237 1206 360 1270 animus
378 1206 481 1270 varios
500 1207 580 1270 abit:
612 1206 758 1270 omnibus
775 1205 838 1270 illis

54 1292 222 1376 praetulit,
239 1291 395 1356 imbutam
411 1290 532 1356 Nesseo
550 1291 704 1376 sanguine
721 1302 842 1356 vestem

55 1377 198 1454 mittere,
216 1397 298 1459 quae
317 1376 398 1443 vires
418 1376 541 1442 defecto
559 1376 672 1441 reddat
689 1377 799 1440 amori.

54 1462 233 1546 ignaroque
251 1462 387 1538 Lichae,
405 1462 481 1545 quid
499 1462 603 1527 tradat
619 1463 740 1538 nescia,
758 1462 863 1528 luctus

54 1549 129 1632 ipsa
146 1569 220 1612 suos
237 1548 347 1624 tradit,
365 1546 551 1629 blandisque
569 1547 744 1612 miserrima
762 1548 876 1624 verbis,

55 1633 143 1697 dona
160 1632 212 1697 det
230 1632 284 1697 illa
301 1633 379 1709 viro,
397 1633 536 1697 mandat.
581 1633 665 1716 capit
681 1633 799 1697 inscius
816 1632 910 1699 heros

54 1717 263 1802 induiturque
280 1719 397 1783 umeris
415 1718 580 1784 Lernaeae
597 1719 683 1783 virus
702 1717 876 1784 Echidnae.

54 1814 131 1867 tura
148 1803 244 1868 dabat
261 1804 371 1888 primis
389 1815 421 1869 et
438 1804 536 1869 verba
552 1804 714 1888 precantia
731 1804 866 1868 flammis

54 1889 195 1972 vinaque
213 1912 404 1955 marmoreas
421 1901 531 1974 patera
547 1889 702 1954 fundebat
718 1888 752 1953 in
769 1912 850 1954 aras.

54 1974 190 2039 incaluit
207 1975 254 2038 vis
272 1975 327 2039 illa
343 1975 420 2039 mali
436 1975 637 2058 resolutaque
654 1974 790 2038 flammis

54 2059 235 2125 Herculeos
254 2061 331 2124 abiit
347 2061 410 2124 late
424 2061 546 2146 dilapsa
561 2082 618 2146 per
635 2071 731 2124 artus.

55 2144 136 2209 dum
153 2145 270 2230 potuit,
288 2147 380 2210 solita
397 2147 552 2230 gemitum
569 2145 685 2211 virtute
702 2145 861 2230 repressit.

55 2231 142 2294 victa
158 2230 250 2294 malis
267 2242 437 2316 postquam
455 2243 502 2296 est
519 2231 688 2316 patientia,
706 2254 739 2294 re
764 2231 843 2315 pulit
861 2252 931 2294 aras

54 2316 263 2400 implevitque
282 2316 347 2380 suis
364 2338 564 2381 nemorosam
582 2316 714 2380 vocibus
767 2328 848 2381 eten.

54 2424 117 2467 nec
134 2423 238 2478 mora,
257 2401 413 2466 letiferam
431 2414 563 2466 conatur
579 2401 723 2466 scindere
741 2413 874 2465 vestem:

54 2509 123 2571 qua
139 2486 284 2564 trahitur,
302 2488 397 2551 trahit
413 2488 468 2552 illa
484 2499 589 2552 cutem
594 2511 603 2563 3
621 2485 815 2568 foedumque
832 2487 944 2563 relatu,

55 2583 114 2638 aut
131 2571 241 2638 haeret
257 2574 407 2638 membris
424 2571 541 2636 frustra
558 2583 710 2656 temptata
727 2570 846 2647 revelli,

55 2670 114 2723 aut
131 2658 253 2723 laceros
271 2669 357 2722 artus
375 2669 407 2722 et
424 2657 558 2742 grandia
576 2656 696 2741 detegit
712 2679 793 2721 ossa.

54 2745 126 2844 ipse
144 2765 247 2819 cruor,
264 2743 370 2830 gelido
388 2765 447 2807 ceu
464 2744 623 2825 quondam
640 2742 791 2807 lammina
809 2741 947 2807 candens

54 2840 157 2894 tincta
173 2829 260 2905 lacu,
278 2829 380 2893 stridit
398 2828 606 2912 coquiturque
624 2829 754 2894 ardente
771 2850 903 2893 veneno.

54 2937 117 2980 nec
133 2915 247 2979 modus
265 2925 326 2979 est:
345 2914 474 2979 sorbent
491 2914 603 2978 avidae
620 2914 804 2999 praecordia
821 2914 977 2990 flammae,

55 3000 285 3084 caeruleusque
302 3000 372 3064 fluit
389 3010 454 3064 toto
472 3000 512 3065 de
530 3021 659 3084 corpore
677 3001 783 3078 sudor,

56 3084 259 3168 ambustique
277 3097 391 3149 sonant
407 3085 511 3161 nervi,
528 3106 685 3169 caecaque
702 3085 849 3151 medullis

54 3171 131 3237 tabe
148 3170 328 3253 liquefactis
354 3169 466 3234 tollens
496 3169 536 3233 ad
555 3170 658 3234 sidera
675 3172 797 3256 palmas

55 3255 230 3323 ‘cladibus'
249 3257 414 3330 exclamat,
433 3253 612 3331 ‘Saturnia
631 3278 759 3340 pascere
777 3256 904 3320 nostris:

54 3364 187 3429 pascere
206 3352 237 3406 et
253 3341 336 3405 hanc
352 3350 473 3425 pestem
491 3351 614 3424 specta,
633 3341 782 3419 crudelis,
801 3342 841 3405 ab
859 3341 932 3416 alto,

56 3449 175 3510 corque
192 3427 296 3491 ferum
313 3427 408 3491 satia:
426 3425 477 3491 vel
495 3425 521 3489 si
539 3426 735 3490 miserandus
754 3439 785 3491 et
805 3426 899 3502 hosti,
944 3426 947 3435 ’

55 3513 115 3577 hoc
134 3524 193 3585 cst,
212 3509 239 3574 si
256 3508 314 3572 tibi
332 3531 413 3584 sum,
433 3508 508 3572 diris
527 3508 716 3572 cruciatibus
735 3530 863 3593 aegram

56 3595 254 3677 invisamque
273 3592 411 3658 animam
428 3603 599 3676 natamque
615 3593 777 3658 laboribus
795 3594 893 3659 aufer.
1098 3615 1147 3666 180

56 3702 139 3745 mors
158 3678 236 3743 mihi
253 3700 369 3743 munus
387 3679 460 3744 erit:
478 3679 569 3742 decet
586 3679 665 3744 haec
683 3679 757 3744 dare
776 3679 859 3742 dona
875 3701 1055 3744 novercam.

57 3787 131 3851 ergo
150 3786 212 3850 ego
230 3763 410 3829 foedantem
428 3763 594 3849 peregrino
611 3765 729 3850 templa
747 3786 857 3830 cruore

55 3850 185 3916 Busirin
202 3850 330 3913 domui?
347 3871 506 3932 saevoque
524 3848 671 3914 alimenta
688 3849 826 3935 parentis

55 3937 181 4001 Antaeo
200 3933 320 4019 eripui?
336 3957 396 4000 neo
413 3958 463 4000 me
480 3934 614 4019 pastoris
632 3935 746 4000 Hiberi

54 4021 157 4086 forma
174 4019 302 4104 triplex,
320 4042 380 4085 nec
396 4020 499 4084 forma
516 4020 631 4104 triplex
648 4033 716 4096 tua,
736 4018 889 4100 Cerbero,
907 4023 1025 4089 movit?
1096 4044 1144 4097 185

54 4126 166 4186 vosne,
184 4127 312 4186 manus,
330 4105 427 4171 validi
443 4105 601 4196 pressistis
619 4127 737 4177 cornua
754 4107 856 4177 tauri?
