2574 4478
221 310 588 371 METAMORPHOSEON
603 312 676 369 LIB.
695 312 775 368 XIII.
793 313 938 371 aot-294.
1028 297 1091 366 219

69 445 165 521 atque
182 436 227 500 ita
244 436 369 522 captivo
387 436 487 502 victor
503 437 648 521 votisque
665 437 783 523 potitus

68 521 240 607 ingredior,
259 544 354 585 curru
371 521 469 587 laetos
486 521 628 588 imitante
645 522 831 608 triumphos.

70 608 161 672 cuius
180 628 277 689 equos
293 608 428 693 pretium
446 629 503 692 pro
521 620 613 673 nocte
631 618 817 694 poposcerat
834 607 944 687 hostis,

70 716 159 757 arma
176 703 289 776 negate
307 693 400 769 mihi,
417 693 576 776 fueritque
594 693 760 778 benignior
776 692 877 758 Aiaxl
894 728 939 742 -

70 778 149 861 quid
167 777 260 862 Lycii
278 778 413 842 referam
431 778 625 863 Sarpedonis
643 779 770 863 agmina
787 778 871 844 ferro
1110 797 1159 849 255

71 864 236 927 devastata
253 864 343 928 meo?
362 885 434 928 cum
450 864 550 927 multo
568 865 722 949 sangnine
739 864 809 928 fudi

72 947 240 1015 Coeranon
257 948 418 1034 Iphitiden
436 959 467 1012 ct
483 949 696 1032 Alastoraque
714 946 964 1032 Chromiumque

70 1033 333 1117 Alcandrumque
350 1034 546 1116 Haliumque
563 1034 791 1117 Noemonaque
807 1034 1047 1119 Prytanimque,

72 1119 232 1202 exitioque
250 1119 323 1184 dedi
341 1141 414 1183 cum
433 1116 696 1185 Chersidamante
712 1121 847 1185 Thoona

72 1217 102 1273 et
122 1203 314 1290 Charopem,
331 1204 468 1287 fatisque
485 1205 658 1269 immitibus
676 1204 845 1269 Ennomon
863 1218 979 1284 actum,
1111 1228 1161 1277 260

72 1291 191 1375 quique
209 1290 313 1354 minus
331 1289 471 1355 celebres
487 1301 596 1354 nostra
613 1291 673 1354 sub
690 1290 856 1355 moenibus
873 1291 961 1355 urbis

71 1374 269 1478 procubuere
287 1397 393 1440 manu.
410 1386 543 1439 —sunt
560 1375 684 1439 etmihi
702 1377 848 1452 vulnera,
866 1375 960 1453 cives,

72 1482 141 1548 rpso
159 1460 292 1545 pulchra
308 1460 388 1525 loco.
431 1482 490 1525 nec
507 1460 597 1524 vanis
615 1461 732 1524 credite
749 1461 868 1526 verbis:

73 1547 202 1633 aspicite
221 1545 288 1610 enl’
306 1557 489 1628 vestemque
506 1568 603 1610 manu
621 1545 744 1610 diduxit
762 1556 794 1611 et
811 1545 904 1612 ‘haec
921 1557 996 1614 suut

72 1642 202 1718 pectora
219 1631 355 1717 semper'
375 1631 419 1695 ait
436 1631 562 1696 ‘vestris
581 1631 719 1696 exercita
736 1631 841 1696 rebus.
1111 1654 1160 1705 255

74 1729 105 1784 at
121 1717 168 1782 nil
185 1716 339 1802 impendit
356 1738 413 1801 per
429 1727 476 1782 tot
492 1716 696 1781 Telamonius
714 1738 813 1780 annos

73 1801 237 1887 sanguinis
254 1801 288 1866 in
305 1802 421 1878 socios,
440 1813 470 1866 et
488 1802 584 1867 habet
601 1802 668 1867 sine
685 1801 815 1867 vulnere
833 1824 957 1888 corpus.

11 1924 28 1941 ·-
74 1889 151 1974 quid
168 1899 275 1952 tamen
292 1887 353 1952 hoc
369 1887 479 1964 refert,
498 1888 525 1952 si
543 1910 576 1952 se
594 1909 651 1973 pro
670 1887 769 1952 classe
785 1887 925 1974 Pelasga

74 1997 162 2040 arma
181 1972 289 2038 tulisse
307 1972 403 2038 refert
421 1984 530 2037 contra
546 1973 711 2056 Troasque
728 1973 921 2056 Iovemque?

73 2059 301 2142 confiteorque,
319 2058 399 2122 tulit.
442 2079 545 2140 neque
564 2058 647 2123 enim
665 2058 746 2123 bene
763 2058 849 2123 facta
865 2059 1003 2145 maligne
1045 2108 1047 2113 -
1113 2083 1162 2133 aro

72 2147 249 2211 detractare
266 2165 372 2208 meum
390 2154 450 2208 est:
462 2145 605 2209 modone
621 2143 802 2208 communia
819 2143 904 2208 solus

71 2239 220 2314 occupet,
239 2240 333 2311 atque
351 2229 488 2312 aliquem
504 2228 595 2292 vobis
612 2249 738 2312 quoque
755 2229 866 2293 reddat
883 2229 1043 2296 honorem.
1060 2265 1103 2278 -

69 2313 211 2402 reppulit
227 2313 396 2379 Actorides
415 2314 474 2379 sub
491 2313 629 2398 imagine
647 2324 733 2378 tutus
751 2314 886 2379 Achillis

69 2401 176 2466 Troas
194 2399 235 2463 ab
253 2399 369 2464 arsuris
388 2421 461 2463 cum
479 2399 643 2465 defensore
660 2398 783 2464 carinis.
801 2436 844 2446 -

68 2508 188 2552 ausum
207 2484 301 2549 etiam
318 2484 486 2549 Hectoreis
504 2485 606 2549 solum
624 2506 809 2550 concurrere
826 2485 897 2550 telis
1113 2507 1162 2556 275

67 2595 105 2638 se
124 2580 231 2656 putat,
249 2569 365 2633 oblitus
383 2571 529 2654 regisque
546 2570 726 2653 ducumque
743 2569 879 2652 meique,

64 2678 177 2732 nonus
194 2655 229 2718 in
245 2654 350 2720 officio
367 2666 399 2720 et
416 2656 574 2739 praelatus
591 2677 721 2719 munere
739 2654 841 2719 sortis.

65 2743 130 2810 sed
148 2753 255 2814 tamen
273 2750 404 2805 eventus
422 2752 557 2816 vestrae,
576 2739 759 2816 fortissime,
776 2763 903 2826 pugnae

10 2841 12 2845 '
65 2828 145 2914 quis
163 2825 244 2890 fuit?
269 2826 391 2890 Hector
408 2824 475 2890 abit
491 2825 626 2890 violatus
643 2826 772 2891 vulnere
789 2828 886 2891 nullo.
903 2862 948 2874 -

64 2936 124 2980 me
142 2911 307 2987 miserum,
325 2921 443 2994 quanto
461 2932 557 3011 cogor
573 2910 754 2976 meminisse
772 2912 879 2976 dolore
1113 2933 1164 2984 280

64 2996 225 3083 temporis
242 2996 340 3072 illius,
358 3016 421 3079 quo
440 2993 574 3061 Graium
592 3018 714 3072 murus,
732 2997 874 3062 Achilles

63 3080 257 3173 procubuitl
275 3102 335 3145 nec
351 3103 403 3144 me
420 3081 567 3146 lacrimae
584 3081 751 3164 luctusque
769 3082 925 3166 timorque

66 3168 254 3244 tardarunt,
272 3166 348 3250 quin
367 3187 480 3251 corpus
499 3166 595 3230 humo
612 3166 746 3231 sublime
764 3166 924 3232 referrem.

67 3255 123 3319 his
141 3251 273 3328 umeris,
291 3251 350 3328 his,
367 3251 512 3334 inquam,
530 3251 646 3316 umeris
665 3273 724 3336 ego
743 3273 856 3337 corpus
874 3252 1009 3319 Achillis

70 3350 107 3406 et
123 3336 219 3403 simul
236 3359 324 3400 arma
340 3336 409 3401 tuli.
452 3358 534 3420 quae
551 3359 637 3401 nunc
654 3358 781 3421 quoque
798 3337 880 3404 ferre
898 3339 1017 3404 laboro.
1112 3360 1161 3412 285

12 3428 21 3467 '·
72 3434 151 3508 suut
166 3421 258 3497 mihi,
277 3443 358 3505 quae
376 3421 502 3487 valeant
519 3422 552 3487 in
569 3423 645 3487 talia
661 3423 816 3508 pondera,
834 3424 931 3489 vires:

43 3518 125 3593 gest
139 3506 265 3572 animus
283 3517 366 3571 certe
383 3518 503 3571 vestros
521 3529 670 3572 sensurus
687 3507 830 3573 honores.
848 3544 892 3556 -

10 3662 17 3671 ,
78 3590 82 3597 ’
133 3592 195 3658 'cet
211 3591 328 3656 idcirco
367 3614 403 3657 ro
420 3602 495 3657 nato
513 3594 639 3657 caerula
655 3603 756 3658 mater

128 3677 242 3743 bitiosa
259 3699 316 3742 suo
371 3677 408 3755 't,
426 3688 462 3741 ut
479 3678 625 3743 caelestia
641 3677 734 3755 dona,

124 3762 134 3837 f
169 3785 250 3848 opus
266 3771 386 3841 tantae,
403 3763 490 3827 rudis
509 3774 540 3828 et
557 3763 624 3829 siue
641 3774 767 3850 pectore
783 3763 875 3830 miles
1111 3785 1162 3836 250

126 3849 238 3914 uerat?
255 3869 358 3932 neque
376 3848 460 3914 euim
477 3848 570 3934 clipei
586 3849 760 3914 caelamina
776 3849 874 3926 novit,

147 3957 244 4000 anum
261 3945 293 3999 et
309 3943 408 3998 terras
425 3955 561 4017 cumque
578 3935 642 3999 alto
660 3935 762 3999 sidera
779 3936 877 4012 caelo,

146 4019 287 4104 adasque
304 4019 500 4103 Hyadasque
517 4019 752 4102 immunemque
770 4021 915 4103 aequoris
933 4021 1056 4088 Arcton

129 4126 278 4191 ursosque
300 4103 390 4172 orbes
407 4103 605 4189 nitidumque
622 4103 752 4172 Orionis
771 4127 887 4172 ensem.
