2574 4478
264 270 630 330 unrauonruosnon
647 272 721 327 nra.
739 272 791 327 xr.
810 270 954 328 osacen
1060 252 1122 324 195

96 421 162 485 pax
180 395 291 474 animi,
310 417 405 481 quem
424 418 500 462 cura
517 397 614 483 fugit,
633 395 688 479 qui
705 417 837 481 corpora
854 396 941 461 duris

96 486 183 549 fessa
201 481 379 548 ministeriis
398 483 516 547 mulces
535 503 725 567 reparasque
742 481 856 546 labori!
1139 501 1188 553 625

99 569 247 647 Somnia,
287 590 348 633 uae
366 590 456 632 veras
474 579 610 651 aequent
626 567 800 632 imitamine
818 567 946 644 formas,

98 656 260 720 Herculea
266 591 433 718 ql'rachine
449 653 524 719 iube
541 653 601 717 sub
618 652 756 737 imagine
774 653 857 738 regis

99 742 269 825 Alcyonen
287 740 402 803 adeant
420 739 649 821 simulacraque
667 737 823 823 naufraga
840 739 972 825 fingant.

98 828 234 911 imperat
251 825 311 889 hoc
328 824 430 888 Iuno.’
475 835 643 909 postquam
660 825 809 888 mandata
826 825 959 909 peregit,

98 912 160 976 Iris
178 911 259 975 abit:
277 932 380 993 neque
398 909 482 975 enim
500 909 630 973 ulterius
648 909 781 974 tolerare
798 910 925 994 vaporis

97 997 165 1060 vim
181 1007 319 1081 poterat,
336 995 464 1079 labique
482 1005 517 1058 ut
535 1017 680 1058 somnum
698 995 794 1059 sensit
810 994 844 1058 in
861 1005 958 1072 artus,

99 1082 213 1168 effugit
230 1092 262 1147 et
278 1091 398 1147 remeat
414 1103 472 1165 per
489 1101 568 1163 quos
585 1081 680 1143 modo
698 1092 827 1144 venerat
844 1103 945 1145 arcus.

142 1169 188 1231 At
206 1177 296 1252 pater
313 1190 331 1231 e
348 1166 466 1252 populo
483 1175 629 1229 natorum
646 1165 732 1230 mille
750 1187 878 1229 suorum

99 1253 217 1319 excitat
235 1252 386 1316 artificem
404 1252 680 1334 simulatoremque
698 1251 819 1336 figurae

99 1338 268 1424 Morphea.
311 1359 376 1401 non
393 1337 446 1400 illo
465 1337 632 1420 quisquam
649 1336 804 1401 sollertius
822 1337 901 1401 alter
1139 1356 1188 1406 635

99 1424 247 1508 exprimit
263 1423 405 1487 incessus
423 1423 608 1504 vultumque
625 1443 801 1505 sonumque
818 1421 982 1506 loquendi3

99 1510 197 1573 adicit
214 1519 246 1573 et
263 1520 366 1572 vestes
385 1519 416 1572 et
432 1506 671 1571 consuetissima
689 1507 803 1590 cuique

99 1595 207 1659 verba.
248 1594 306 1658 'sed
325 1593 377 1658 hic
394 1594 477 1657 solos
495 1593 637 1657 homiues
653 1593 807 1657 imitatur:
826 1604 859 1657 at
876 1594 955 1659 alter

98 1681 134 1744 fit
152 1681 234 1756 fera,
251 1679 287 1743 fit
305 1679 455 1753 volucria,
473 1679 509 1742 fit
524 1679 621 1763 longo
639 1699 768 1764 corpore
787 1700 925 1763 serpens.

99 1766 185 1829 hunc
202 1765 310 1830 Icelon
328 1765 448 1849 superi,
466 1764 597 1828 mortale
614 1763 797 1829 Phobetora
814 1765 929 1850 vulgus
1139 1785 1189 1837 640

99 1851 250 1914 nominat.
295 1861 342 1914 est
360 1850 455 1914 etiam
473 1850 615 1914 diversae
632 1849 742 1914 tertius
760 1850 834 1914 artis

99 1936 293 2000 Phantasos:
311 1935 364 1999 ille
381 1936 414 1997 in
431 1934 564 1998 humum
582 1957 757 2018 saxumque
774 1936 956 2018 undamque
973 1937 1170 2022 trabemque,

99 2043 245 2104 quaeque
263 2032 378 2085 vacant
396 2020 515 2096 anima,
533 2021 688 2085 fallaciter
704 2020 811 2084 omnia
827 2021 948 2086 transit.

98 2107 228 2192 regibus
246 2105 279 2169 hi
297 2105 494 2188 ducibusque
512 2127 586 2170 suos
604 2106 769 2170 ostendere
786 2107 892 2170 vultus

98 2203 192 2256 nocte
211 2192 327 2268 solent,
344 2192 478 2276 populos
497 2190 549 2255 alii
567 2190 755 2275 plebemque
771 2202 942 2274 pererrant.
1140 2213 1188 2263 645

99 2276 251 2362 praeterit
267 2276 324 2340 hos
343 2277 447 2341 senior
465 2276 649 2359 cunctisque
667 2299 685 2340 e
702 2276 851 2340 fratribus
869 2300 968 2342 unum

98 2364 271 2448 Morphea,
289 2361 345 2446 qui
361 2372 494 2447 peragat
510 2361 762 2426 Thaumantidos
780 2363 878 2438 edita,
898 2361 1036 2428 Somnus

100 2449 199 2533 eligit.
244 2458 275 2512 et
292 2470 401 2511 rursus
419 2448 507 2511 molli
523 2448 677 2532 languore
695 2447 816 2511 solutus

99 2533 308 2618 deposuitque
327 2543 423 2617 caput
440 2543 600 2616 stratoque
617 2533 792 2597 recondidit
810 2533 883 2597 alto.

98 2619 152 2683 ille
170 2619 256 2683 volat
273 2619 376 2682 nullos
394 2618 542 2703 strepitus
559 2618 749 2683 iacientibus
766 2617 824 2682 alis

98 2727 157 2790 per
174 2703 334 2779 tenebras,
352 2704 496 2786 intraque
514 2725 621 2768 morae
638 2704 734 2768 breve
751 2713 875 2790 tempus
894 2705 926 2768 in
945 2705 1058 2772 urbem

99 2790 244 2874 pervenit
261 2788 474 2853 Haemoniam
491 2789 664 2874 positisque
682 2812 699 2854 e
718 2810 847 2875 corpore
865 2791 977 2875 pennis

99 2877 132 2940 in
151 2874 266 2939 faciem
285 2871 400 2958 Ceycis
419 2874 498 2950 abit;
517 2886 704 2959 sumptaque
721 2875 825 2960 figura

98 2960 237 3036 luridus,
256 2982 393 3024 exanrmr
411 2962 534 3036 srmrhs,
553 2960 620 3024 sine
637 2960 777 3024 vestibus
795 2961 867 3026 ullis

99 3045 245 3131 coniugis
263 3058 335 3109 ante
353 3057 457 3109 torum
473 3044 607 3110 miserae
625 3045 719 3110 stetit.
763 3047 828 3111 uda
845 3047 970 3112 videtur

99 3131 201 3196 barba
219 3130 292 3207 viri,
310 3130 507 3214 madidisque
524 3130 631 3216 gravis
648 3131 745 3197 fluere
762 3133 849 3197 unda
866 3134 997 3218 capillis,

99 3228 168 3280 tum
186 3216 267 3280 lecto
284 3215 484 3292 incumbens,
501 3217 578 3282 fletu
595 3239 690 3302 super
707 3240 762 3282 ora
778 3218 918 3304 profuso,

100 3303 180 3366 haec
198 3301 255 3366 ait=
274 3301 434 3386 ‘agnoscis
453 3299 575 3386 Ceyca,
593 3303 766 3368 miserrima
784 3304 939 3368 coniunx?

100 3412 142 3452 an
158 3409 232 3451 mea
249 3398 370 3450 mutata
388 3396 435 3452 est
451 3388 548 3452 facies
565 3388 662 3452 nece?
678 3389 813 3473 respice!
832 3412 944 3454 nosces

99 3473 305 3554 inveniesque
323 3483 378 3536 tuo
396 3495 453 3557 pro
471 3473 606 3557 coniuge
624 3473 766 3560 coniugis
785 3475 940 3539 umbram.

100 3559 145 3622 nil
163 3558 246 3642 opis,
264 3558 423 3642 Alcyone,
441 3558 532 3622 nobis
550 3569 605 3623 tua
622 3570 696 3622 rota
713 3561 865 3637 tulerunt3

101 3643 289 3708 occidimus:
307 3643 387 3707 falso
405 3642 462 3706 tibi
479 3666 530 3708 me
548 3644 728 3727 promittere
745 3645 820 3709 noli.

100 3728 229 3792 nubilus
248 3728 380 3812 Aegaeo
398 3728 563 3812 deprendit
578 3729 612 3792 in
630 3752 767 3813 aequore
784 3753 898 3796 navem

102 3826 208 3878 auster
226 3823 257 3878 et
273 3812 395 3897 ingenti
411 3813 559 3878 iactatam
576 3814 702 3880 fiamine
720 3816 827 3880 solvit:

103 3920 219 3982 oraque
237 3908 359 3974 nostra,
378 3908 467 3963 tuum
485 3899 602 3963 frustra
620 3901 788 3966 clamantia
805 3923 931 3981 nomen,

100 3984 270 4068 implerunt
287 3984 409 4048 fluctus.
453 4007 517 4049 non
534 3985 614 4050 haec
630 3986 687 4049 tibi
705 3987 829 4052 nuntiat
847 4001 956 4054 auctor

100 4069 284 4155 ambiguus,
301 4091 365 4134 non
382 4069 443 4136 ista
460 4070 550 4157 vagis
568 4071 746 4138 rumoribus
764 4073 869 4139 audis:

901 4173 951 4230 ra·
1182 4140 1242 4248 A
