2574 4478
104 4106 138 4199 l.

254 238 317 304 232
589 251 624 305 P.
642 250 766 308 OVIDII
782 248 945 308 NASONIS

254 374 403 460 pauperis
422 384 470 440 est
486 396 653 440 numerare
670 396 777 460 pecus.
823 375 862 440 de
879 374 1026 439 laudibus
1044 373 1159 440 harum

252 461 296 525 nil
313 460 391 524 mihi
408 459 591 526 credideris:
610 482 758 545 praesens
777 470 867 545 potes
884 461 953 545 ipsa
971 459 1089 538 videre,

184 569 233 618 885
251 558 286 612 ut
303 546 357 611 vix
375 545 534 611 circueant
552 545 723 610 distentum
741 546 885 610 cruribus
903 546 991 610 uber.

253 643 341 704 sunt,
359 632 463 697 fetura
479 631 591 706 minor,
609 631 723 716 tepidis
741 631 774 694 in
791 630 926 695 ovilibus
944 632 1034 716 agni3

254 729 326 782 sunt
344 738 485 801 quoque,
503 739 561 800 par
579 726 681 793 aetas,
700 716 768 780 aliis
786 716 820 780 iu
837 716 973 780 ovilibus
991 716 1096 781 haedi.

252 803 303 868 lac
319 802 396 866 mihi
414 823 539 886 semper
557 802 646 866 adest
662 801 804 866 niveum:
822 824 895 887 pars
913 801 986 866 inde
1003 801 1144 867 bibenda

252 899 405 963 servatur,
423 900 546 973 partem
562 886 733 970 liquefacta
750 888 884 973 coagula
902 886 1026 951 durant.

184 996 235 1045 830
252 996 312 1038 nec
329 973 386 1037 tibi
404 972 535 1037 deliciae
552 971 660 1036 faciles
678 972 871 1058 vulgataque
888 982 1010 1036 tantum

252 1080 383 1124 munera
404 1058 601 1143 contingent,
620 1058 766 1123 dammae
782 1059 968 1143 leporesque
987 1079 1156 1142 caperque,

252 1167 349 1246 parve
367 1143 584 1208 columbarum
602 1144 787 1229 demptusve
805 1143 968 1208 cacumine
985 1143 1095 1208 nidus:

252 1229 358 1295 inveni
375 1230 534 1314 geminos,
551 1227 607 1311 qui
621 1240 730 1295 ¹tecum
746 1228 856 1294 ludere
873 1228 1004 1313 possint,

252 1315 334 1380 inter
351 1338 384 1380 se
403 1314 533 1391 similes,
552 1314 606 1378 vix
623 1325 659 1378 ut
677 1314 861 1400 dignoscere
879 1314 991 1399 possis,

185 1423 234 1472 885
252 1401 381 1466 villosae
400 1400 520 1464 catulos
537 1399 571 1463 in
589 1400 718 1463 summis
736 1399 896 1464 montibus
914 1422 1021 1465 ursae:

252 1486 358 1551 inveni
376 1497 406 1550 et
429 1485 494 1549 dixi
512 1485 694 1549 “‘dominae
712 1484 907 1550 servabimus
924 1485 1043 1550 istos.’''

251 1571 315 1635 iarn
333 1570 427 1634 modo
446 1570 589 1634 caeruleo
606 1569 740 1634 nitidum
759 1581 854 1655 caput
871 1593 963 1636 exere
980 1581 1090 1656 ponto,

252 1657 329 1734 iam,
349 1654 498 1732 Galatea,
516 1655 604 1732 veni,
621 1677 680 1720 nec
696 1677 829 1721 munera
846 1655 971 1741 despice
988 1657 1112 1722 nostrai

254 1753 337 1807 certe
355 1763 415 1827 ego
432 1763 484 1805 me
501 1741 576 1805 novi
592 1740 794 1824 liquidaeque
810 1740 844 1805 in
860 1741 999 1828 imagine
1015 1743 1083 1807 vidi

185 1850 235 1900 840
251 1850 353 1912 nuper
371 1849 486 1910 aquae,
504 1826 684 1911 placuitque
701 1826 780 1891 mihi
797 1849 868 1892 mea
885 1827 987 1892 forma
1004 1827 1136 1894 videnti.

253 1913 373 1998 aspice,
392 1912 450 1976 sim
468 1923 615 1994 quantus.
658 1934 722 1976 non
739 1922 788 1977 est
804 1912 865 1977 hoc
882 1932 1013 1998 corpore
1031 1915 1133 1979 maior

251 1997 396 2083 Iuppiter
412 1998 445 2061 iu
463 1998 549 2061 caelo
567 1996 655 2080 (nam
673 2020 730 2062 vos
747 2020 875 2064 narrare
891 1998 998 2063 soletis

252 2084 358 2149 nescio
376 2104 472 2166 quem
489 2104 621 2168 regnare
638 2083 777 2167 Iovem):
796 2105 887 2148 coma
902 2083 1039 2170 plurima
1056 2095 1162 2149 torvos

251 2168 408 2256 prominet
424 2168 458 2232 in
474 2169 596 2245 vultus,
614 2190 813 2253 umerosque,
830 2179 866 2233 ut
882 2169 989 2244 lucus,
1008 2169 1184 2234 obumbrat.

185 2277 233 2326 845
251 2278 310 2320 nec
327 2277 399 2319 mea
416 2255 503 2338 quod
519 2253 629 2340 rigidis
647 2255 775 2320 horrent
792 2254 978 2319 densissima
995 2254 1090 2320 saetis

252 2362 398 2426 corpora,
417 2351 508 2426 turpe
525 2349 612 2440 puta.
657 2340 756 2425 turpis
775 2340 841 2404 sine
858 2339 1025 2405 frondibus
1044 2341 1152 2416 arbor3

251 2426 352 2511 turpis
371 2447 487 2509 equus,
504 2425 565 2488 n1si
583 2426 664 2490 colla
680 2426 774 2490 iubae
790 2425 939 2490 flaventia
955 2426 1076 2502 velent3

273 2513 360 2576 luma
376 2511 456 2595 tegit
473 2512 617 2575 volucres
622 2535 631 2588 3
650 2511 762 2575 ovibus
780 2534 839 2575 sua
854 2511 927 2575 lana
944 2510 1051 2576 decori
1068 2520 1131 2576 est=

251 2534 352 2662 barba
369 2595 451 2661 vims
468 2595 632 2679 hirtaeque
650 2597 762 2660 decent
778 2596 812 2660 in
829 2617 959 2681 corpore
976 2607 1093 2660 saetae.

183 2702 234 2752 850
253 2705 353 2747 unum
370 2691 417 2747 est
435 2681 468 2746 in
485 2681 590 2745 media
605 2682 714 2745 lumen
730 2681 808 2744 mihi
824 2681 942 2758 fronte,
960 2682 1017 2747 sed
1034 2683 1133 2746 instar

250 2766 387 2853 ingentis
406 2765 508 2852 clipei.
551 2765 647 2849 quid?
665 2788 729 2830 non
747 2767 825 2831 haec
842 2766 948 2831 omnia
964 2790 1102 2852 magnus

252 2853 308 2919 Sol
327 2853 413 2917 videt
429 2875 447 2916 e
466 2852 572 2916 caelo?
615 2850 683 2918 Soli
700 2863 807 2916 tamen
824 2852 936 2918 unicus
954 2852 1050 2917 orbis.

251 2938 347 3014 adde,
366 2938 452 3022 quod
468 2937 501 3001 in
519 2947 623 3002 vestro
640 2938 764 3024 genitor
780 2960 870 3003 meus
889 2959 1024 3020 aequore
1041 2948 1168 3023 regnat:

250 3024 335 3089 hunc
353 3023 411 3088 tibi
429 3024 470 3086 do
488 3045 641 3089 socerum.
685 3033 807 3088 tantum
823 3024 971 3089 miserere
987 3045 1160 3109 precesque

183 3131 232 3181 855
251 3109 401 3211 supplicis
419 3109 549 3174 exaudit
568 3109 625 3173 tibi
643 3109 726 3174 enim
743 3110 978 3174 succumbimus
995 3109 1061 3174 uni.

251 3217 369 3280 qurque
386 3195 497 3259 Iovem
515 3205 546 3259 et
563 3194 685 3259 eaelum
703 3216 817 3279 sperno
836 3206 867 3259 et
884 3196 1079 3280 penetrabile
1097 3195 1221 3270 fulmen,

249 3281 361 3358 Nerei,
379 3290 411 3345 te
428 3301 553 3345 vereor:
571 3290 627 3344 tua
643 3279 775 3345 fulmine
793 3279 915 3345 saevior
931 3281 980 3345 ira
995 3292 1053 3345 est.

250 3378 345 3451 atque
363 3387 424 3452 ego
442 3376 641 3450 contemptus
659 3387 760 3429 essem
777 3366 945 3450 patientior
961 3365 1066 3442 huius,

250 3453 277 3517 si
295 3453 422 3538 fugeres
440 3473 559 3515 omnes.
604 3451 659 3514 sed
677 3473 734 3515 cur
751 3448 892 3536 Cyclope
909 3474 943 3516 re
966 3452 1036 3516 ulso

183 3558 234 3609 880
251 3538 336 3602 Acin
353 3559 456 3611 amas,
474 3535 677 3622 praefersque
694 3536 773 3600 meis
790 3474 1007 3621 complexibus
1027 3535 1132 3599 Acin?

249 3624 303 3688 ille
320 3634 427 3687 tamen
443 3622 629 3707 placeatque
647 3621 707 3685 sibi
724 3622 910 3706 placeatque
926 3621 1043 3697 licebit,

250 3710 336 3793 quod
352 3708 484 3784 nollem,
503 3705 652 3782 Galatea,
670 3705 736 3770 tibi.
780 3707 874 3770 modo
892 3706 983 3792 copia
1000 3707 1107 3771 detur:

250 3794 364 3859 sentiet
381 3815 450 3859 esse
466 3792 544 3857 mihi
560 3802 647 3856 tauto
664 3813 722 3876 pro
740 3813 871 3877 corpore
888 3791 984 3856 viresl

250 3879 372 3945 viscera
388 3878 462 3943 viva
477 3878 614 3955 traham,
632 3877 818 3961 divulsaque
836 3878 978 3943 membra
994 3900 1052 3963 per
1069 3900 1164 3964 agros

182 3986 233 4037 885
250 3985 370 4051 perque
386 3974 458 4029 tuas
475 3986 624 4049 spargam
639 3998 683 4010 -
700 3963 745 4027 sic
762 3985 797 4027 se
814 3963 872 4027 tibi
888 3962 1032 4027 misceat!
1049 4000 1095 4010 —
1110 3964 1222 4029 undas.

251 4071 326 4116 uror
342 4049 440 4127 euim,
457 4050 625 4136 laesusque
642 4059 805 4115 exaestuat
823 4049 925 4115 acrius
942 4048 1035 4134 ignis,
