2574 4478
185 269 246 335 162
515 281 547 336 Ρ.
567 279 691 337 OVIDIl
708 275 870 335 NASONIS

116 428 165 477 715
183 430 255 472 cum
296 415 370 482 ater,
389 405 475 490 Iphi,
494 404 552 467 tibi
569 404 684 468 flavam
702 403 876 488 despondet
894 399 1040 478 Ianthen,

182 493 262 557 inter
309 491 486 555 haestiadas
504 511 586 573 quae
603 488 819 554 laudatissima·
836 488 957 551 formae

183 579 256 643 dote
273 577 334 641 fuit
350 576 450 662 virgo,
468 575 603 639 Dictaeo
620 586 695 639 nata
711 574 847 638 Teleste.

182 686 240 749 par
257 674 357 739 aetas,
375 685 433 747 par
450 661 552 725 forma
569 661 643 737 fuit,
662 660 842 745 primasque
858 658 1018 744 magistris

183 771 332 834 accepere
351 759 446 823 artes,
466 747 621 811 elementa
639 746 762 821 aetatis,
781 746 821 808 ab
838 744 949 809 isdem.

116 856 166 905 770
183 835 256 899 hinc
274 855 362 898 amor
379 833 543 898 ambarum
562 832 665 916 tetigit
681 831 759 895 rude
776 841 902 915 pectus,
921 841 953 894 et
970 850 1108 915 aequum

182 922 297 985 vulnus
315 919 439 1002 utrique
458 918 557 981 dedit:
576 918 632 981 sed
651 927 718 980 erat
734 916 850 980 fiducia
868 915 984 1000 dispar.

183 1005 366 1091 coniugium
382 1016 558 1104 pactaeque
576 1012 722 1087 expectat
738 1012 880 1149 tempora
897 1001 1019 1078 taedae,

183 1112 342 1175 quamque
360 1112 462 1153 mmm
480 1100 570 1174 putat
588 1111 671 1164 esse,
687 1087 789 1151 virum
815 1108 869 1151 ore
887 1087 986 1151 credit
1004 1085 1128 1151 Ianthe.

183 1176 271 1262 Iphis
290 1186 388 1251 amat,
407 1196 471 1258 qua
488 1196 580 1258 posse
598 1173 662 1237 frui
680 1173 839 1257 desperat,
858 1182 889 1236 et
906 1183 1003 1257 auget

117 1282 165 1330 775
183 1262 243 1327 1700
260 1262 364 1346 ipsum
382 1261 540 1336 flammas,
558 1259 710 1342 ardetque
727 1258 760 1321 in
778 1256 900 1343 virgine
917 1258 1019 1342 virgo.

183 1348 299 1430 vixque
317 1356 426 1410 tenens
444 1345 589 1408 lacrimas
608 1344 692 1426 ‘quis
709 1367 760 1408 me
777 1353 884 1407 manet
902 1342 1019 1407 exitus'
1037 1342 1151 1426 inquit,

183 1432 326 1517 ‘cognita
343 1453 439 1515 quam
455 1430 548 1508 nulli,
566 1451 662 1512 quam
679 1429 860 1529 prodigiosa
876 1450 1041 1512 novaeque

184 1541 260 1584 cura
277 1527 362 1582 tenet
378 1515 532 1582 Veneris?
558 1516 585 1579 si
602 1515 634 1578 di
652 1515 729 1579 mihi
746 1536 875 1600 parcere
893 1514 1021 1590 vellent,

185 1598 329 1684 [parcere
347 1600 533 1676 debuerant,
552 1601 660 1664 sinon
679 1613 709 1665 et
727 1602 858 1686 perdere
877 1604 1023 1690 vellentl]

117 1707 166 1757 700
184 1689 325 1753 naturale
343 1689 461 1752 malum
480 1690 591 1753 saltem
609 1699 639 1753 et
657 1688 697 1753 de
714 1712 801 1754 more
821 1689 990 1755 dedissent.

183 1796 242 1839 nec
259 1796 389 1838 vaccam
406 1795 536 1850 vaccae,
553 1795 657 1857 neque
675 1796 772 1858 equas
790 1796 879 1839 arnor
894 1775 958 1839 urit
975 1797 1145 1860 equarum:

182 1859 246 1924 urit
263 1881 338 1924 oves
356 1858 450 1935 aries,
468 1859 611 1943 sequitur
627 1882 685 1924 0770
702 1860 821 1925 femina
839 1883 976 1926 cervum.

183 1946 228 2009 sic
246 1956 277 2008 et
295 1967 369 2010 aves
388 1956 515 2022 coeunt,
533 1945 678 2028 interque
696 1946 843 2010 animalia
861 1959 975 2011 cuncta

183 2030 301 2094 femina
318 2030 455 2095 femineo
473 2040 617 2115 correpta
635 2030 782 2117 cupidine
799 2032 886 2096 nulla
904 2042 961 2097 est.

116 2132 165 2183 705
184 2116 297 2180 vellem
314 2116 402 2180 nulla
418 2115 533 2181 foreml
560 2138 600 2181 ne
618 2138 680 2180 non
698 2127 803 2181 tamen
821 2117 927 2181 omnia
946 2116 1042 2183 Crete

183 2212 323 2266 monstra
339 2201 433 2277 ferat,
451 2212 577 2266 taurum
595 2201 703 2266 dilexit
719 2203 784 2266 filia
802 2201 899 2267 Solis:

183 2286 301 2352 femina
317 2310 431 2373 nempe
449 2310 579 2352 marem.
623 2309 711 2353 meus
729 2300 778 2352 est
794 2288 942 2354 furiosior
959 2289 1023 2367 illc,

183 2372 210 2437 si
227 2395 337 2438 verum
354 2373 548 2459 profitemur,
566 2396 664 2439 amor.
708 2383 813 2438 tamen
830 2374 885 2438 illa
903 2386 1012 2441 secuta
1029 2387 1078 2440 est

184 2482 272 2543 spem
289 2459 438 2536 Veneris3
457 2470 562 2524 tamen
579 2459 634 2524 illa
652 2459 732 2524 dolis
749 2470 781 2524 et
797 2460 936 2545 imagine
954 2482 1072 2525 vaceae

116 2561 165 2611 740
182 2567 276 2693 passa
292 2544 407 2610 bovem
425 2554 486 2610 est:
506 2554 537 2609 et
555 2554 634 2622 erat,
652 2544 707 2628 qui
725 2545 933 2631 deciperetur,
951 2546 1083 2611 adulter.

205 2651 246 2694 uc
262 2630 335 2695 licet
351 2653 369 2695 e
387 2641 454 2694 toto
472 2630 609 2695 sollertia
627 2631 764 2695 confluat
781 2632 867 2708 orbe,

182 2715 250 2800 ipse
267 2714 340 2780 licet
357 2715 477 2781 revolet
495 2715 606 2781 ceratis
624 2715 788 2781 Daedalus
806 2717 878 2781 alis:

183 2800 258 2882 quid
275 2800 388 2865 faciet?
405 2824 482 2865 nurn
499 2824 551 2866 me
567 2823 701 2886 puerum
719 2802 758 2867 de
776 2803 899 2888 virgine
917 2803 1018 2868 doctis

183 2886 302 2949 artibus
320 2886 454 2951 efficiet?
480 2909 556 2951 num
573 2897 604 2952 te
622 2887 771 2965 mutabit,
788 2888 921 2952 Ianthe?

116 2988 165 3040 775
183 2970 260 3054 quin
277 2970 417 3035 animum
434 2972 540 3036 firmas
558 2982 652 3055 teque
669 2973 738 3057 ipsa
755 2974 925 3059 recolligis,
944 2972 1028 3059 Iphi,

183 3056 367 3140 consiliique
385 3057 495 3142 inopes
513 3066 545 3122 et
562 3058 673 3122 stultos
692 3058 812 3124 excutis
829 3059 939 3144 ignes?

183 3141 259 3224 quid
278 3141 320 3206 sis
337 3153 426 3218 nata,
445 3142 532 3219 vide,
549 3143 610 3206 nisi
628 3155 659 3208 te
677 3164 803 3227 quoque
821 3144 940 3230 decipis
957 3145 1070 3230 ipsam,

183 3236 214 3291 et
231 3237 302 3312 pete
321 3227 405 3311 quod
423 3227 472 3292 fas
490 3238 551 3303 est,
569 3239 601 3294 ct
618 3251 690 3292 arna
708 3229 794 3312 quod
811 3229 929 3295 femina
947 3231 1054 3295 debes.

183 3334 254 3396 spes
273 3323 333 3388 est,
352 3335 433 3396 quae
452 3313 569 3398 capiat3
588 3336 660 3399 spes
678 3326 739 3390 est,
758 3336 839 3398 quae
857 3327 967 3400 pascat
984 3337 1129 3381 amorem.

116 3416 166 3466 750
183 3397 265 3461 170770
282 3397 339 3461 71171
356 3420 406 3463 700
425 3399 544 3463 adimit.
587 3422 651 3465 non
669 3411 701 3464 te
718 3401 861 3464 custodia
878 3423 952 3466 caro

182 3493 268 3547 arcet
284 3483 326 3547 ab
343 3485 506 3568 amplexu,
524 3506 583 3549 nec
601 3484 685 3549 cauti
703 3507 778 3549 cura
795 3486 909 3564 meriti,

181 3589 244 3633 non
261 3568 359 3653 patris
377 3569 542 3654 asperitas,
559 3591 623 3633 non
642 3593 675 3635 se
692 3581 789 3656 negat
806 3572 875 3657 ipsa
893 3572 1028 3658 roganti.

180 3675 241 3718 nec
258 3664 364 3718 tamen
382 3666 430 3719 est
446 3654 596 3740 potienda
616 3654 683 3719 tibi.
726 3679 800 3734 7700,
817 3668 853 3721 ut
871 3658 977 3722 omnia
994 3658 1082 3737 fiant,

182 3760 252 3805 0000
268 3749 357 3824 potes
375 3740 466 3818 felix,
483 3750 520 3805 ut
536 3739 633 3823 dique
651 3741 857 3825 hominesque
873 3742 1028 3808 laborent.

115 3840 164 3893 755
181 3845 266 3889 nunc
283 3844 410 3909 quoque
427 3835 572 3890 votorum
589 3827 677 3890 nulla
695 3838 742 3892 est
759 3850 833 3912 pars
851 3850 933 3893 vana
950 3852 1103 3907 meorum,

181 3908 277 3993 dique
293 3909 372 3973 mihi
388 3910 511 3987 faciles,
530 3909 681 3994 quicquid
698 3914 839 3988 valuere,
858 3915 1028 3980 dederunt:

181 3994 331 4081 quodque
348 4015 419 4081 ego,
436 3996 504 4061 vult
521 3995 654 4081 genitor,
672 3998 741 4062 vult
758 3998 841 4082 ipsa,
860 4020 1013 4083 socerque
1031 4002 1160 4066 futums.

56 4102 67 4131 7
180 4090 215 4149 at
229 4100 295 4147 non
311 4078 382 4147 vult
396 4091 524 4159 natura,
541 4082 698 4167 potentior
715 4084 861 4149 omnibus
878 4084 958 4164 istis,
