2574 4478
144 211 187 278 38
474 222 508 279 Ρ.
528 166 652 281 dvmn
668 221 830 279 NASONIS
859 262 861 267 -

146 348 230 435 cepit
246 348 460 426 Atlantiades,
478 349 578 414 dictas
595 371 615 412 a
631 347 764 414 Pallade
781 359 880 413 terras

77 454 127 505 835
145 435 259 520 linquit
276 447 308 501 et
323 435 499 522 ingreditur
515 434 639 500 iactatis
657 434 784 499 aethera
800 434 921 518 pennis.

145 531 274 586 sevocat
288 521 374 586 huno
390 522 525 608 genitor.
567 541 627 586 nec
644 543 772 586 causam
793 522 897 584 fassus
916 516 1032 584 amoris

146 607 224 672 ‘fide
240 607 396 672 minister'
414 606 458 672 ait
476 606 661 684 ‘iussorum‚
679 618 767 683 nate,
784 628 937 683 meorum,

146 693 227 778 pelle
244 715 366 757 moram
383 692 538 776 solitoque
556 693 640 758 celer
656 693 802 758 delabere
820 714 925 768 eursu,

146 799 291 863 quaeque
308 791 396 844 tuam
413 790 546 843 matrem
563 779 655 843 tellus
673 802 692 842 a
708 789 798 864 parte
815 778 941 843 sinistra

78 883 129 933 840
148 865 278 949 suspicit
295 864 477 950 (indigenae
495 862 649 930 Sidonida
666 864 793 930 nomine
810 863 944 946 dicunt),

147 950 230 1014 hanc
246 960 318 1036 pete
323 974 333 1027 ;
351 950 500 1034 quodque
517 951 628 1036 procul
645 962 794 1015 montano
810 949 953 1036 gramine
970 946 1060 1034 pasci

147 1048 324 1101 armentum
340 1035 448 1121 regale
465 1036 568 1114 vides,
586 1037 627 1100 ad
643 1036 735 1100 litora
752 1035 859 1101 verte?

146 1121 235 1186 dixit.
278 1132 311 1188 et
328 1121 453 1208 expulsi
467 1121 653 1187 iamdudum
670 1133 778 1187 monte
794 1120 920 1187 iuvenci

145 1207 238 1272 litora
254 1208 341 1272 iussa
357 1218 483 1292 petunt,
501 1207 558 1272 ubi
574 1207 683 1293 magni
699 1207 764 1272 lilia
780 1231 814 1272 re
838 1207 847 1223 '

79 1312 129 1362 845
146 1293 256 1360 ludere
273 1292 449 1379 virginibus
467 1293 572 1379 Tyriis
590 1294 738 1358 comitata
755 1230 886 1358 soleilie

147 1401 211 1444 non
228 1379 310 1446 bene
328 1378 520 1444 conveniunt
535 1400 596 1444 neo
611 1381 645 1444 in
662 1402 727 1444 una
743 1379 818 1445 sede
835 1387 997 1442 morantur

147 1466 295 1530 maiestas
312 1476 345 1532 et
361 1487 459 1529 amor.
499 1465 615 1551 sceptri
630 1464 786 1550 gravitate
803 1465 911 1529 relicta

147 1551 200 1616 ille
217 1563 306 1636 pater
322 1561 487 1633 rectorque
505 1550 614 1628 deum,
633 1550 684 1617 cui
701 1550 812 1617 dextra
828 1549 964 1615 trisulcis

147 1636 275 1722 ignibus
293 1647 415 1701 armata
431 1646 492 1713 est,
510 1637 565 1721 qui
581 1646 662 1700 nutu
679 1636 818 1702 concutit
834 1636 953 1711 orbem,

80 1741 130 1791 850
147 1721 290 1786 induitur
306 1721 420 1787 faciem
438 1722 521 1786 tauri
537 1722 718 1807 mixtusque
735 1721 877 1787 iuvencis

147 1807 251 1893 mugit
268 1818 300 1873 et
316 1808 351 1871 in
368 1809 483 1873 teneris
500 1807 656 1873 formosus
674 1808 858 1872 obambulat
874 1805 993 1872 herbisl

149 1893 267 1978 quippe
284 1894 370 1958 color
386 1893 468 1958 nivis
485 1904 547 1970 est,
565 1915 662 1977 quam
677 1915 737 1959 nec
754 1892 888 1978 vestigia
905 1892 976 1956 duri

149 1979 311 2044 calcavere
328 1978 418 2064 pedis
435 2001 495 2044 nec
512 1978 604 2044 solvit
621 1979 786 2063 aquaticus
803 1990 919 2043 auster.

149 2064 323 2129 collatoris
341 2074 463 2142 extant3
480 2063 575 2129 armis
591 2064 730 2151 palearia
746 2064 899 2150 pendent;

80 2169 131 2220 855
149 2172 267 2215 cornua
283 2173 382 2236 parva
399 2150 542 2235 quidem,
560 2150 616 2215 sed
633 2170 715 2235 quae
732 2150 920 2215 contendere
938 2149 1041 2234 possis

148 2235 234 2303 facta
250 2259 363 2313 manu,
379 2257 522 2321 puraque
538 2235 642 2321 magis
700 2235 821 2300 rluoida
837 2258 974 2321 gemma.

148 2322 254 2387 nullae
271 2323 306 2386 in
322 2321 426 2386 fronte
443 2323 561 2399 minae,
579 2343 638 2386 neo
670 2320 853 2387 ormidabile
870 2320 991 2385 lumen:

147 2429 260 2494 pacem
277 2409 383 2472 vultus
400 2407 505 2473 babet.
548 2408 681 2471 miratur
697 2408 849 2492 Agenore
865 2417 950 2481 nata,

148 2495 234 2579 quod
250 2505 317 2559 tam
333 2493 505 2570 formosus,
525 2493 610 2576 quod
628 2492 748 2594 proelia
764 2493 851 2557 nulla
868 2492 1014 2559 minetur.

79 2600 130 2650 860
148 2579 218 2656 sed,
236 2579 381 2662 quamvis
399 2579 521 2655 mitem,
539 2588 652 2643 metmt
668 2579 850 2664 contingere
867 2578 983 2664 primo:

146 2687 222 2729 mox
239 2664 307 2729 adit
324 2674 356 2729 et
372 2665 465 2729 flores
483 2665 524 2728 ad
541 2663 676 2730 candida
692 2664 824 2749 porrigit
842 2685 906 2728 ora.

147 2750 266 2836 gaudet
283 2772 393 2814 amans
411 2760 456 2826 et,
474 2750 550 2814 dum
567 2750 674 2815 veniat
690 2759 815 2835 sperata
832 2749 905 2813 volu
930 2761 989 2827 tas,

147 2836 256 2900 oscula
273 2835 327 2900 dat
344 2835 490 2900 manibus
514 2835 584 2918 (vix
613 2836 691 2912 iam,
709 2835 764 2899 vix
781 2845 885 2900 cetera
925 2834 1022 2915 ‘ffert)

147 2931 179 2985 et
195 2942 281 2985 nuno
298 2919 410 2985 alludit
427 2920 582 3004 viridique
600 2921 719 2986 exultat
736 2919 770 2984 in
786 2920 895 2997 herba,

78 3027 128 3077 865
147 3029 232 3072 nunc
249 3007 332 3072 latus
349 3006 383 3070 in
400 3005 496 3071 fulvis
512 3007 641 3071 niveum
659 3005 788 3091 deponit
804 3005 945 3071 harenis:

144 3092 361 3179 paulatimque
378 3102 466 3156 metu
483 3090 610 3177 dempto
626 3091 721 3155 modo
738 3101 866 3176 pectora
882 3092 1014 3178 praebet

146 3178 290 3264 virginea
306 3176 466 3327 palpanda
482 3199 593 3253 manu,
610 3177 705 3242 modo
723 3199 840 3242 cornua
857 3177 948 3242 sertis

145 3263 305 3351 impedien
327 3285 347 3327 a
363 3261 465 3326 novis.
508 3285 585 3327 ausa
602 3273 651 3328 est
666 3283 793 3346 quoque
809 3263 899 3348 regia
915 3263 1017 3349 virgo,

145 3349 253 3415 nescia
269 3369 365 3433 quem
382 3357 552 3434 premeret,
570 3358 659 3434 tergo
676 3348 838 3413 considere
857 3348 952 3414 tauri:

78 3455 129 3506 aro
146 3457 219 3500 cum
237 3435 316 3500 dens
334 3457 354 3499 8
371 3444 455 3499 terra
472 3433 619 3517 siccoque
636 3457 656 3498 5
672 3432 762 3499 litore
775 3433 897 3499 sensim

145 3521 227 3586 falsa
242 3521 362 3607 pedum
379 3517 489 3607 primis
505 3518 639 3603 vestigia
656 3520 744 3604 ponit
760 3520 793 3583 in
811 3518 914 3594 undis,
975 3530 978 3535 ’

144 3606 219 3672 inde
236 3606 303 3672 abit
320 3605 452 3670 ulterius
469 3604 627 3687 mediique
644 3626 702 3704 per
718 3626 856 3689 aequora
872 3605 962 3689 ponti

145 3691 207 3756 fert
219 3691 384 3793 praedam.
428 3698 525 3776 pavet
541 3689 620 3754 haec
636 3690 772 3773 htusque
790 3690 896 3756 ablata
912 3691 1061 3758 relictum

144 3775 286 3861 respicit,
303 3787 335 3842 et
352 3776 464 3842 dextra
482 3795 612 3838 comum
629 3785 727 3852 tenet,
746 3776 843 3840 altera
861 3776 953 3841 dorso

78 3880 129 3933 875
145 3861 293 3948 imposita
311 3872 373 3940 est3
390 3859 544 3927 tremulae
561 3859 726 3927 sinuantur
742 3862 868 3926 flamine
885 3873 1000 3927 vestes.
