2574 4478
183 268 224 334 14
513 284 547 340 P.
566 285 688 342 OVIDII
705 284 865 342 NASONIS

182 408 354 475 anteferes
373 408 469 475 stabis
487 410 686 494 mediamque
703 411 831 475 tuebere
849 431 1011 494 quercum.

181 506 278 578 utque
295 518 401 561 meum
418 496 548 560 intonsis
566 506 660 582 caput
677 505 724 562 est
737 493 884 560 iuvenale
894 518 931 561 oa
954 497 1023 573 illis,

182 591 217 646 tu
234 602 359 665 quoque
376 593 543 667 perpetuos
562 605 685 668 semper
701 604 777 667 gere
794 581 914 646 frondis
931 519 1086 647 bonores?

114 685 163 734 565
181 666 304 731 finierat
320 666 439 732 Paean.
482 668 573 732 factis
590 668 684 733 modo
701 669 809 732 laurea
825 668 920 732 ramis

181 753 304 831 adnuit,
321 764 420 836 utque
437 764 531 838 caput
548 753 617 817 visa
633 764 682 818 est
699 754 835 838 agitasse
852 774 1012 818 cacumen.

222 837 283 903 Est
294 861 406 903 nemus
419 839 626 915 Haemoniae,
644 850 813 924 praerupta
824 838 910 922 quod
923 839 1061 922 undique
1076 838 1193 904 claudit

181 923 270 987 silva.
310 935 424 988 vocant
440 924 572 1008 Tempe.
614 946 672 1008 per
688 945 770 1007 quae
786 924 914 988 Pene'us
932 924 973 988 ab
989 924 1054 989 imo
1140 924 1192 990 [l⁰·

181 1008 300 1074 effusus
316 1009 421 1074 Pindo
439 1010 594 1094 spumosis
611 1009 748 1074 volvitur
764 1010 856 1074 undis

113 1111 163 1161 550
181 1095 367 1178 deiectuque
384 1095 475 1180 gravi
492 1107 601 1160 tenues
619 1095 771 1180 agitantia
787 1094 891 1158 fumos

180 1180 289 1245 nubila
307 1180 466 1256 conducit,
486 1181 678 1263 summisque
696 1180 860 1266 aspergine
878 1180 965 1244 silvis

179 1265 305 1351 impluit
321 1276 353 1330 et
370 1266 473 1330 sonitu
491 1267 562 1352 plus
580 1287 676 1349 quam
693 1266 797 1330 vicina
813 1266 935 1351 fatigat.

180 1350 259 1416 haec
277 1352 403 1427 domus,
420 1352 500 1417 haec
517 1350 621 1428 sedes,
638 1350 717 1416 haec
735 1362 808 1416 sunt
824 1351 997 1435 penetralia
1013 1351 1121 1437 magni

180 1437 308 1513 Amnis3
325 1438 359 1501 in
376 1436 425 1500 his
442 1436 581 1501 residens
598 1436 683 1502 facto
701 1437 740 1502 de
758 1437 901 1501 cautibus
919 1447 1007 1501 antro

113 1539 162 1588 555
179 1523 272 1587 undis
289 1523 360 1586 iura
377 1522 473 1586 dabat
488 1545 563 1608 nym
587 1521 698 1607 hisque
717 1522 889 1587 colentibus
907 1524 1019 1586 undas.

138 1634 139 1637 ¹
180 1608 370 1673 conveniunt
386 1608 461 1673 illuc
477 1545 642 1694 popularia
657 1607 788 1672 flumina
805 1608 951 1693 primum,

179 1694 287 1758 nescia
303 1703 466 1778 gratentur
483 1694 722 1759 consolenturne
739 1706 911 1779 parentem,

179 1779 338 1863 populifer
356 1777 524 1864 Sperchios
542 1789 574 1844 et
589 1780 781 1861 inrequietus
799 1778 940 1864 Enipeus

179 1864 411 1949 Apidanusque
428 1887 525 1929 senex
541 1864 683 1948 lenisque
700 1865 764 1928 Am
788 1863 899 1949 hrysus
917 1876 947 1929 et
964 1866 1050 1930 Aeas
1055 1889 1065 1944 ;

112 1967 163 2017 580
180 1971 318 2033 moxque
335 1950 457 2014 Amnes
475 1950 541 2027 alii,
559 1950 630 2032 qui,
649 1961 741 2033 quat
777 1950 800 2014 't
815 1950 951 2034 impetus
968 1950 1049 2029 illos,

154 2096 158 2103 .
179 2037 213 2099 in
230 2057 316 2099 mare
334 2034 495 2099 deducunt
511 2036 611 2100 fessas
629 2034 785 2100 erroribus
802 2035 913 2099 undas.

179 2119 318 2185 Inachus
335 2142 416 2184 unus
435 2121 524 2184 abest
543 2121 670 2203 imoque
687 2119 866 2185 reconditus
884 2132 972 2184 antro

179 2205 305 2269 fletibus
323 2217 419 2291 auget
436 2228 535 2289 aquas
553 2217 722 2289 natamque
739 2204 931 2270 miserrimus
947 2206 986 2271 Io

179 2290 268 2376 luget
284 2302 319 2355 ut
337 2292 494 2355 amissam.
538 2291 651 2368 nescit,
669 2291 774 2356 vitane
792 2291 915 2355 fruatur

112 2392 161 2445 585
179 2399 220 2440 an
238 2376 277 2440 sit
295 2377 381 2462 apud
395 2374 521 2439 Manes.
560 2377 617 2442 sed
634 2398 729 2461 quam
746 2398 811 2441 non
828 2376 947 2440 invenit
964 2398 1107 2460 usquam,

179 2484 248 2527 esse
265 2472 356 2548 putat
372 2483 529 2545 nusquam
546 2472 641 2546 atque
659 2461 764 2527 animo
780 2461 889 2546 peiora
905 2473 1039 2527 veretur.

178 2546 301 2612 viderat
318 2571 337 2612 5
353 2547 455 2632 patrio
473 2548 655 2612 redeuntem
672 2548 816 2633 Iuppiter
832 2548 918 2610 illam

178 2633 308 2697 flumine
326 2643 357 2696 et
373 2639 408 2697 ‘o
426 2633 516 2717 virgo
534 2633 610 2697 Iove
628 2633 734 2718 digna,
752 2645 869 2716 tuoque
887 2632 1015 2697 beatum

178 2718 284 2782 nescio
302 2738 397 2801 quem
413 2717 536 2783 factura
552 2729 630 2794 toro,
647 2718 734 2803 pete’
754 2718 876 2783 dixerat
894 2718 1035 2782 ‘umbras

111 2821 161 2871 500
179 2803 313 2867 altorum
330 2803 514 2880 nemorum,'
532 2815 563 2867 et
579 2825 743 2868 nemorum
760 2814 990 2868 monstraverat
1007 2805 1145 2882 umbras,

179 2889 269 2952 ‘dum
288 2888 381 2965 calet,
400 2900 431 2952 et
448 2888 551 2953 medio
570 2888 617 2953 sol
634 2899 682 2954 est
699 2888 868 2952 altissimus
886 2888 971 2953 orbe.

177 2973 290 3056 quodsi
308 2975 375 3038 5015
392 2975 483 3039 times
500 2974 637 3038 latebras
655 2974 771 3039 intrare
789 2974 937 3051 ferarum,

177 3059 321 3143 praeside
338 3070 407 3123 tuta
424 3060 483 3123 deo
501 3081 665 3124 nemorum
682 3071 803 3124 secreta
820 3059 950 3137 subibis,

177 3167 237 3209 nec
254 3145 293 3209 de
311 3145 403 3231 plebe
422 3144 491 3222 dec,
509 3144 565 3210 sed
583 3145 638 3227 qui
655 3145 800 3209 caelestia
817 3167 934 3229 magna

109 3249 159 3298 505
178 3240 301 3315 sceptra
317 3253 414 3294 manu
430 3241 536 3306 tenec,
555 3231 610 3295 sed
628 3231 682 3312 qui
699 3252 782 3314 vaga
798 3230 931 3293 fulmina
947 3229 1046 3294 mitto.

176 3339 216 3380 ne
234 3317 311 3400 fuge
328 3315 407 3381 mel’
426 3316 569 3401 fugiebat
587 3316 680 3379 enim.
723 3315 786 3378 iam
803 3337 921 3400 pascua
938 3315 1064 3381 Lernae

177 3401 360 3484 consitaque
377 3400 540 3465 arboribus
558 3400 684 3486 Lyrcea
700 3401 869 3483 reliquerat
886 3423 971 3476 arva,

177 3507 248 3550 cum
267 3486 344 3551 deus
361 3486 490 3550 inducta
506 3487 586 3550 latas
604 3486 738 3570 caligine
755 3497 853 3550 terras

176 3571 313 3636 occuluit
330 3573 493 3656 tenuitque
510 3572 620 3656 fugam
637 3571 803 3656 rapuitque
820 3572 984 3655 pudorem.

109 3676 159 3727 600
175 3656 295 3722 interea
311 3658 431 3721 medius
448 3658 530 3722 Iuno
548 3658 692 3742 despexit
708 3657 740 3720 in
758 3679 861 3742 agros,

176 3753 208 3805 et
224 3742 324 3806 noctis
342 3743 454 3807 faciem
471 3742 604 3807 nebulas
622 3743 734 3808 fecisse
751 3742 894 3806 volueres

176 3827 235 3890 sub
253 3827 352 3891 nitido
370 3830 482 3893 mirata
500 3828 563 3903 die,
581 3850 645 3892 non
661 3828 799 3892 fluminis
816 3828 885 3891 illas

176 3935 244 3978 esse
262 3935 320 3976 nec
337 3914 456 3978 umenti
475 3914 573 3980 sensit
590 3915 700 3978 tellure
717 3914 843 3990 remitti,

175 4008 284 4082 atque,
303 4021 379 4063 suus
397 3999 534 4064 coniunx
550 3998 606 4063 ubi
625 3998 678 4075 sit,
696 3997 921 4084 circumspicit,
938 4008 974 4061 ut
991 4018 1073 4081 quae

108 4100 157 4153 505
175 4083 320 4172 deprensi
338 4083 449 4150 totiens
466 4085 531 4149 iam
547 4096 654 4150 nosset
670 4085 755 4150 furta
771 4084 884 4148 mariti.
