2574 4478
222 269 263 335 98
552 281 585 336 Ρ.
605 280 729 338 OVIDII
746 278 909 338 NASONIS

221 412 420 470 “‘aetemum
438 405 584 490 stagno”’
604 404 684 468 dixit
701 411 731 441 “‘
737 404 851 469 vivatis
868 404 901 467 in
918 401 1029 466 istol’''

155 509 205 559 370
222 490 371 555 eveniunt
388 501 494 576 optata
513 491 600 555 deae.
643 490 733 555 iuvat
751 513 819 555 esse
838 489 897 552 sub
915 488 1008 552 undis

223 588 254 640 et
270 577 365 640 modo
383 587 448 640 tota
465 599 544 641 cava
562 576 765 661 submergere
781 574 925 639 membra
941 574 1069 658 palude,

220 684 306 726 nuno
324 662 463 746 proferre
481 673 591 746 caput,
609 683 732 726 summo
750 661 845 724 modo
863 660 989 745 gurgite
1007 680 1094 735 nare,

223 770 316 832 saepe
335 771 429 832 super
445 748 546 831 ripam
564 747 669 832 stagni
687 746 871 821 consistere,
889 767 983 830 saepe

221 833 255 896 in
271 833 392 918 gelidos
410 833 527 897 resilire
544 833 642 897 lacus.
687 843 719 896 et
735 853 820 896 nunc
838 852 964 915 quoque
982 840 1091 915 turpes
1150 848 1153 853 ’

155 937 204 985 375
222 918 329 981 litibus
348 928 493 982 exercent
510 918 651 1003 linguas,
669 918 825 1002 pulsoque
842 916 974 1001 pudore,

224 1004 367 1087 quamvis
386 1003 449 1067 sint
465 1004 526 1067 sub
544 1025 641 1086 aqua,
659 1004 719 1067 sub
737 1024 821 1086 aqua
838 1001 1025 1065 maledicere
1043 1011 1209 1085 temptant

223 1111 285 1152 vox
303 1109 429 1172 quoque
447 1087 510 1152 iam
528 1109 624 1152 rauca
641 1099 703 1165 est,
721 1088 893 1171 inflataque
911 1087 992 1151 colla
1009 1097 1201 1161 tumescunt,

222 1173 354 1259 ipsaque
373 1174 504 1238 dilatant
521 1174 645 1258 patulos
663 1173 804 1238 convicia
822 1172 929 1237 rictus.

223 1271 313 1344 terga
331 1271 426 1344 caput
443 1269 592 1344 tangunt3
611 1259 692 1323 colla
708 1258 882 1342 intercepta
899 1258 1046 1322 videntur
1051 1281 1060 1333 ;

157 1362 206 1412 380
224 1346 314 1430 spina
332 1344 424 1420 viret3
443 1355 561 1421 venter,
578 1367 652 1445 pars
669 1345 809 1408 maxima
826 1342 979 1428 corporis,
998 1343 1098 1407 albet:

223 1430 396 1513 limosoque
413 1452 514 1496 novae
532 1431 647 1494 sahunt
664 1430 697 1493 in
714 1429 841 1515 gurgite
858 1429 989 1494 ranac'’.

268 1514 395 1580 Sicubi
413 1515 518 1580 nescio
536 1515 606 1599 quis
624 1514 726 1600 Lycia
743 1516 783 1579 de
800 1526 895 1600 gente
913 1514 1053 1578 virorum
1110 1527 1242 1596 Marsyas.

224 1602 343 1666 rettulit
360 1601 505 1677 exitium,
525 1598 631 1684 Satyri
648 1599 858 1665 reminiscitur
874 1600 963 1677 alter,

224 1709 318 1768 quem
336 1686 516 1750 Tritoniaca
530 1686 659 1765 Latous
677 1686 853 1750 harundine
870 1686 989 1750 victum

157 1788 206 1837 385
225 1771 331 1836 affecit
347 1793 458 1856 poena.
503 1771 594 1854 ‘quid
612 1795 662 1836 me
678 1771 756 1835 mihi
774 1770 943 1836 detrahisl'
962 1770 1079 1854 inquit:

225 1856 273 1920 ‘al
299 1856 397 1942 piget,
416 1856 448 1921 al
467 1879 531 1920 non
549 1856 609 1920 est'
628 1856 786 1920 clamabat
805 1856 896 1920 ‘tibia
913 1856 1023 1921 tantil’

225 1941 372 2006 clamanti
389 1941 469 2006 cutis
487 1952 535 2006 est
552 1964 691 2007 summos
710 1942 832 2026 direpta
848 1965 905 2027 per
922 1951 1019 2018 artus,

224 2050 284 2092 nec
302 2027 471 2111 quicquam
488 2027 549 2091 nisi
567 2027 682 2092 vulnus
700 2039 776 2092 erat.
821 2049 913 2091 cruor
929 2026 1071 2110 undique
1088 2036 1210 2104 manat,

226 2113 402 2195 detectique
420 2123 528 2197 patent
545 2114 648 2187 nervi,
666 2113 869 2197 trepidaeque
887 2112 954 2178 sine
972 2112 1037 2177 ulla

158 2217 208 2265 390
225 2199 306 2282 pelle
323 2199 441 2262 micant
458 2221 567 2264 venae.
612 2198 755 2264 salientia
772 2198 893 2263 viscera
910 2220 1019 2283 posses

226 2295 255 2348 et
274 2285 471 2368 perlucentes
488 2307 654 2348 numerare
672 2284 705 2348 in
723 2296 849 2369 pectore
866 2284 972 2348 fibras.

224 2369 314 2433 illum
331 2369 499 2446 ruricolae,
518 2368 667 2434 silvarum
685 2370 825 2446 numina,
843 2369 946 2433 Fauni

225 2466 256 2518 et
275 2453 381 2540 Satyri
398 2455 510 2519 fratres
528 2465 560 2520 et
576 2465 652 2519 tunc
670 2475 796 2539 quoque
813 2476 905 2519 carus
924 2452 1084 2539 Olympus

226 2551 258 2604 et
274 2540 432 2625 nymphae
449 2541 578 2617 flerunt,
597 2551 628 2604 et
646 2539 788 2624 quisquis
806 2540 965 2603 montibus
983 2540 1044 2604 illis

158 2643 207 2691 395
225 2626 446 2710 lanigerosque
463 2648 576 2711 greges
594 2636 799 2709 armentaque
816 2625 934 2690 bucera
951 2624 1048 2709 pavit.

226 2710 338 2775 fertilis
355 2710 521 2774 immaduit
539 2711 779 2794 madefactaque
797 2721 880 2774 terra
897 2710 1033 2775 caducas

226 2795 369 2880 concepit
385 2797 529 2860 lacrimas
547 2817 585 2860 ac
602 2795 691 2860 venis
708 2795 846 2882 perbibit
863 2795 943 2859 imis.

226 2902 305 2964 quas
323 2880 379 2945 ubi
395 2881 471 2947 fecit
489 2902 619 2964 aquam,
638 2904 756 2947 vacuas
774 2881 878 2946 emisit
894 2881 927 2944 in
945 2902 1049 2946 auras.

225 2967 299 3032 inde
316 2978 427 3051 petens
445 2966 591 3051 rapidum
608 2966 634 3030 ri
657 2966 684 3031 is
703 2966 876 3031 declivibus
894 2987 1013 3049 aequor

159 3069 210 3120 40'0
226 3051 359 3137 Marsya
376 3074 491 3116 nomen
508 3052 618 3129 habet,
636 2990 798 3138 hhrygiae
814 3051 1042 3136 liquidissimus
1061 3050 1175 3116 amnis.

271 3138 403 3202 Talibus
421 3138 578 3223 extemplo
595 3138 676 3202 redit
694 3139 735 3201 ad
752 3138 930 3223 praesentia
948 3137 1038 3201 dictis
1142 3152 1247 3222 Pelops.

225 3223 340 3308 vulgus
359 3235 390 3288 et
407 3223 579 3287 extinctum
597 3245 669 3288 cum
687 3223 784 3308 stirpe
801 3223 984 3308 Amphiona
1001 3224 1100 3307 luget.

227 3321 327 3373 mater
344 3308 377 3372 in
393 3307 513 3373 invidia
530 3319 587 3373 est.
631 3309 713 3373 hanc
730 3319 806 3373 tunc
823 3330 949 3393 quoque
968 3307 1082 3372 dicitur
1099 3330 1184 3373 unus

226 3395 317 3460 flesse
334 3393 468 3478 Pelops,
486 3416 672 3477 umeroque,
691 3417 763 3458 suas
782 3417 802 3458 a
818 3405 945 3479 pectore
963 3403 1132 3478 postquam

159 3500 208 3550 405
227 3479 357 3544 deduxit
374 3490 492 3556 vestes,
511 3479 591 3544 ebur
607 3480 780 3544 ostendisse
797 3479 932 3544 sinistro.

226 3566 372 3630 concolor
388 3564 440 3629 hic
457 3587 584 3629 umerus
601 3565 751 3630 nascendi
768 3575 907 3650 tempore
926 3566 1036 3629 dextro

226 3673 457 3735 corporeusque
474 3650 544 3715 fuit.
589 3651 734 3715 manibus
753 3673 826 3714 mox
844 3673 937 3716 caesa
954 3648 1092 3735 paternis

225 3736 368 3801 membra
385 3736 491 3800 ferunt
507 3736 646 3800 iunxisse
665 3736 751 3801 deos.
795 3735 926 3819 aliisque
944 3734 1086 3820 repertis,

226 3822 282 3905 qui
298 3821 386 3886 locus
404 3832 452 3886 est
468 3821 570 3906 iuguli
586 3821 708 3885 medius
727 3822 903 3905 summique
920 3821 1040 3898 lacerti,

160 3928 210 3979 tro
228 3906 339 3971 defuit.
382 3905 563 3991 impositum
581 3919 709 3971 estnon
727 3905 936 3992 comparentis
954 3906 987 3969 in
1005 3928 1100 3970 usum

226 3990 323 4080 partis
342 3991 430 4068 ebur,
448 3992 594 4076 factoque
611 3991 729 4077 Pelops
746 3992 807 4057 fuit
822 3993 946 4076 integer
956 3992 1026 4091 illo.
1106 4025 1215 4094 Prome
1225 4032 1248 4077 e,

267 4075 410 4143 Finitimi
417 4099 563 4164 proceres
573 4083 697 4160 oo'c'unt,
705 4077 864 4165 urbesque
873 4098 1070 4165 propinquae
1093 4092 1247 4149 Phasmate
