2574 4478
171 265 232 332 178
501 278 534 332 Ρ.
554 279 677 336 OVIDII
695 277 856 336 NASONIS

169 414 206 468 ut
222 412 345 488 pereat,
363 402 390 468 si
407 426 458 467 me
475 402 556 466 Fors
573 402 619 467 illi
637 403 717 467 dura
733 401 875 488 negarit?

102 509 152 559 cao
170 490 246 553 dum
263 490 352 567 licet,
369 489 499 573 hospes,
518 488 584 565 abi,
602 488 821 572 thalamosque
838 488 981 571 relinque
999 499 1153 555 cruentos.

169 575 351 660 coniugium
370 575 496 639 crudele
513 597 619 638 meum
639 584 703 639 est..
739 574 797 639 tibi
814 573 934 639 nubere
951 574 1041 641 nulla

168 660 268 736 nolet,
286 670 318 725 et
334 659 435 745 optari
452 671 541 744 potes
559 683 578 724 a
596 659 737 744 sapiente
754 660 870 760 puella.

169 768 225 810 our
242 757 349 811 tamen
366 757 413 810 est
429 745 507 809 mihi
525 768 601 810 cura
617 746 679 821 tui,
697 756 743 809 tot
760 768 823 808 ram
841 755 914 809 ante
931 746 1121 832 peremptis?

169 831 294 896 videritl
312 832 460 907 intereat,
478 831 628 915 quoniam
645 841 692 894 tot
709 831 804 896 caede
822 852 989 915 procorum

102 936 151 985 625
170 917 348 981 admonitus
365 939 429 980 non
446 926 507 991 est,
525 916 693 1002 agiturque
709 916 743 981 in
760 916 864 981 taedia
881 916 977 982 vitae.

169 1003 292 1066 occidet
308 1002 360 1066 hic
376 1002 482 1087 igitur,
500 1003 600 1067 voluit
617 1003 693 1085 quia
709 1003 815 1067 vivere
833 1002 977 1068 mecum?

168 1088 396 1173 indignamque
412 1110 522 1153 necem
539 1087 675 1171 pretium
692 1088 830 1173 patietur
847 1087 981 1153 amoris?

168 1195 233 1237 non
251 1173 310 1237 erit
326 1173 464 1238 invidiae
481 1173 612 1238 victoria
629 1183 737 1238 nostra
753 1173 912 1239 ferendae.

170 1259 225 1323 sed
242 1280 305 1322 non
323 1259 417 1343 culpa
433 1281 505 1322 mea
522 1268 579 1323 est.
623 1260 745 1324 utinam
762 1260 911 1324 desistere
928 1259 1040 1326 vellesl

103 1363 152 1413 660
169 1355 239 1422 aut,
258 1344 407 1427 quoniam
425 1367 458 1408 es
476 1345 620 1419 demens,
638 1345 760 1409 utinam
776 1344 913 1410 velocior
930 1345 1031 1412 esses!
1137 1426 1140 1432 .

169 1441 201 1494 at
219 1451 314 1513 quam
332 1429 492 1514 virgineus
509 1430 623 1515 puerili
640 1431 745 1494 vultus
762 1430 796 1494 in
813 1453 867 1495 ore
885 1430 947 1495 est!

170 1539 203 1592 a,
221 1515 317 1580 miser
333 1515 550 1600 Hippomene,
567 1516 684 1580 nollem
701 1516 759 1580 tibi
775 1515 844 1581 visa
860 1514 1006 1581 finissem!

170 1601 276 1665 vivere
294 1599 409 1687 dignus
427 1622 505 1665 eras.
549 1601 634 1683 quod
652 1601 679 1665 si
695 1601 817 1667 felicior
833 1624 935 1667 essem

169 1709 228 1750 nec
245 1686 323 1749 mihi
340 1686 521 1772 coniugium
539 1686 606 1750 fata
622 1686 802 1772 importuna
818 1696 982 1772 negarent,

103 1790 152 1839 666
170 1795 252 1836 unus
269 1794 353 1848 eras,
372 1795 444 1836 cum
462 1792 525 1854 quo
543 1771 663 1837 sociare
681 1773 796 1837 cubilia
813 1772 968 1838 vellem.”'

170 1857 306 1921 dixerat:
323 1868 422 1940 utque
439 1857 526 1921 rudis
544 1858 709 1943 primoque
727 1855 887 1943 Cupidine
904 1868 999 1935 tacta,

170 1942 247 2025 quid
265 1941 354 2019 velit,
372 1943 535 2028 ignorans,
554 1953 639 2007 amat
656 1955 687 2008 et
703 1966 768 2008 non
785 1945 879 2008 sentit
896 1966 1047 2011 amorem.

170 2026 234 2091 iam
252 2029 359 2092 solitos
376 2039 511 2112 poscunt
528 2051 638 2094 cursus
655 2030 853 2115 populusque
870 2040 1035 2115 paterque,

75 2162 79 2167 .
172 2134 244 2177 cum
260 2136 311 2178 me
329 2113 461 2178 sollicita
478 2115 582 2198 proles
599 2114 649 2179 Ne
673 2115 762 2180 tunia
778 2137 856 2182 voce

73 2210 78 2220 '
103 2219 153 2268 660
169 2198 296 2263 invocat
309 2199 537 2283 Hippomenes,
550 2137 849 2285 “‘Cytderea'’'que,
864 2206 894 2237 “‘
900 2222 1095 2286 comprecor,
1109 2202 1181 2268 ausis

170 2284 286 2348 adsit'’'
306 2285 349 2348 ait
366 2285 514 2359 “‘nostris
532 2296 578 2363 et,
596 2307 676 2369 quos
695 2286 792 2362 dedit,
810 2287 938 2352 adiuvet
953 2288 1089 2374 ignes.’''

170 2369 282 2434 detulit
299 2393 376 2435 aura
393 2393 502 2456 preces
520 2372 561 2435 ad
577 2394 628 2436 me
645 2393 710 2436 non
726 2372 834 2437 invida
851 2372 999 2438 blandas:

170 2466 319 2539 motaque
337 2479 421 2531 sum,
439 2456 550 2521 fateor.
594 2480 653 2522 nec
670 2458 739 2542 opis
756 2480 846 2522 mora
862 2459 959 2544 longa
976 2459 1123 2526 dabatur.

171 2551 218 2605 est
235 2563 321 2626 ager,
339 2542 506 2627 indigenae
523 2542 737 2608 Tamasenum
754 2545 880 2610 nomine
898 2544 1018 2622 dicunt,

104 2647 152 2696 646
171 2625 289 2691 telluris
309 2624 447 2712 Cypriae
464 2650 537 2713 pars
555 2628 688 2713 optima,
706 2650 803 2712 quam
820 2628 898 2694 mihi
915 2631 1011 2716 prisci

171 2734 334 2776 sacravere
352 2735 457 2789 senes,
475 2714 663 2797 templisque
680 2716 830 2780 accedere
847 2715 956 2781 dotem

169 2798 252 2862 hanc
269 2797 388 2862 iussere
405 2799 493 2863 meis.
537 2799 640 2864 medio
658 2800 737 2866 nitet
754 2801 849 2864 arbor
864 2801 898 2865 in
916 2824 1003 2879 arva,

170 2882 258 2947 fulva
276 2905 412 2960 comam,
430 2884 519 2948 fulvo
536 2885 631 2950 ramis
649 2887 874 2970 crepitantibus
891 2909 979 2952 auro.

170 2967 244 3032 hinc
261 2969 321 3033 tria
338 2969 419 3034 forte
435 2993 507 3034 mea
524 2971 653 3035 veniens
671 2971 819 3056 decerpta
835 2972 978 3038 ferebam

103 3073 153 3123 050
170 3077 267 3118 aurea
283 3077 379 3140 poma
395 3078 506 3119 manu:
523 3056 665 3139 nullique
682 3057 819 3121 videnda
835 3057 896 3122 nisi
913 3058 974 3143 ipsi

169 3139 394 3225 Hippomenen
412 3141 475 3207 adii
493 3141 663 3224 docuique,
682 3142 752 3225 quis
769 3165 846 3207 usus
864 3143 897 3206 in
914 3145 985 3209 illis.

169 3225 261 3311 signa
278 3225 373 3290 tubae
391 3226 555 3303 dederant,
574 3249 647 3291 cum
663 3250 788 3293 carcere
806 3251 924 3313 pronus
941 3241 1074 3315 uterque

170 3311 297 3388 emicat,
315 3324 347 3376 et
364 3335 520 3376 summam
538 3313 631 3378 celeri
648 3314 728 3398 pede
744 3314 823 3379 libat
840 3315 1001 3382 harenam.

170 3419 262 3481 posse
280 3407 371 3481 putes
388 3397 459 3461 illos
477 3398 560 3463 sicco
578 3399 660 3463 freta
676 3399 787 3464 radere
804 3423 900 3486 passu

103 3502 150 3551 655
170 3493 201 3545 et
218 3482 335 3567 segetis
353 3505 450 3547 canae
469 3494 586 3548 stantes
603 3506 786 3570 percurrere
803 3486 924 3551 aristas.

169 3567 309 3631 adiciunt
326 3569 447 3632 animos
464 3569 570 3634 iuveni
588 3571 768 3654 clamorque
786 3572 938 3656 favorque

169 3652 328 3736 verbaque
346 3654 506 3719 dicentum
523 3660 658 3733 “‘nunc,
676 3678 760 3721 nunc
777 3656 959 3723 incumbere
980 3670 1110 3746 tempus,

168 3738 384 3822 Hippomene,
401 3739 549 3825 propera!
568 3763 652 3805 nunc
669 3742 788 3807 viribus
806 3753 894 3809 utere
912 3743 1001 3810 totis:

168 3824 250 3907 pelle
268 3847 402 3901 moram,
420 3825 568 3889 vinces.”’
612 3827 759 3905 dubium,
776 3826 961 3914 Megareius
979 3832 1071 3896 heros

103 3928 152 3978 oco
169 3908 307 3992 gaudeat
325 3933 365 3973 an
383 3911 473 3997 virgo
491 3910 592 3996 magis
610 3911 659 3976 his
678 3911 855 3978 Schoeneta
873 3914 974 3980 dictis.

170 4016 188 4056 o
206 3994 365 4076 quotiens,
384 4018 456 4060 cum
472 3997 535 4060 iam
552 4007 659 4081 posset
676 3999 821 4075 transire,
839 4011 963 4067 morata
980 4011 1029 4068 est

169 4089 388 4170 spectatosque
406 4082 460 4148 diu
477 4083 583 4149 vultus
601 4083 700 4149 invita
716 4084 855 4170 reliquitl
