2574 4478
261 286 625 346 METAMORPHOSEON
642 289 756 345 LIB.1.
775 288 917 346 las-209.

64 414 209 503 ingentes
226 414 331 480 animo
349 423 380 479 et
398 413 510 498 dignas
527 415 605 480 Iove
623 415 759 500 concipit
775 415 838 479 iras

65 502 295 584 conciliumque
313 511 414 565 vocat.
458 501 559 566 tenuit
575 522 664 565 mora
680 502 767 566 nulla
784 511 922 566 vocatos.

64 599 113 654 est
131 589 183 652 via
200 586 356 662 sublimis,
375 587 462 652 caelo
479 586 647 652 manifesta
664 609 789 653 sereno:

64 675 167 740 lactea
183 695 298 738 nomen
315 671 425 747 habet,
444 673 579 737 candore
596 673 742 737 notabilis
760 673 840 758 ipso.

64 759 125 824 hac
141 760 201 824 iter
217 774 265 824 est
282 758 403 843 superis
421 758 462 821 ad
478 758 587 843 magni
605 769 688 822 tecta
704 758 857 823 Tonantis

64 847 267 931 regalemque
285 844 424 908 domum.
469 844 581 908 dextra
596 843 750 927 laevaque
768 844 900 910 deorum

65 932 145 996 atria
161 930 314 996 nobilium
331 929 431 994 valvis
449 930 646 994 celebrantur
663 930 779 1015 apertis
784 955 793 1006 ;

64 1017 155 1104 plebs
172 1016 294 1080 habitat
311 1015 435 1080 diversa
451 1015 543 1092 locis3
561 1039 580 1079 a
597 1015 700 1080 fronte
717 1025 861 1101 potentes

65 1102 232 1167 caelicolae
249 1102 387 1184 clarique
404 1123 478 1166 suos
496 1123 628 1186 posuere
636 1099 786 1166 Penates.

64 1188 117 1252 hic
134 1190 222 1253 locus
239 1198 301 1264 est,
320 1209 429 1270 quem,
448 1187 475 1251 si
492 1187 597 1252 verbis
614 1186 747 1252 audacia
764 1187 866 1263 detur,

63 1273 152 1338 haud
169 1274 297 1338 timeam
314 1272 423 1357 magni
441 1271 557 1337 dixisse
574 1271 699 1336 Palatia
717 1273 805 1338 caeli.

65 1381 142 1443 ergo
159 1359 214 1423 ubi
231 1379 407 1423 marmoreo
425 1359 531 1442 superi
548 1357 657 1423 sedere
674 1379 811 1435 recessu,

65 1446 177 1509 celsior
192 1444 261 1529 ipse
278 1445 348 1509 loco
366 1454 551 1529 sceptroque
568 1443 694 1507 innixus
712 1443 833 1508 eburno

65 1530 232 1595 terrificam
249 1530 360 1615 capitis
378 1529 536 1594 concussit
553 1539 662 1612 terque
680 1540 853 1613 quaterque

65 1616 250 1691 caesariem,
269 1637 341 1680 oum
359 1637 422 1697 qua
440 1626 570 1691 terram,
588 1638 689 1692 mare,
707 1615 811 1679 sidera
827 1614 937 1681 movit.

64 1701 181 1765 talibus
197 1701 271 1765 inde
288 1701 390 1764 modis
409 1722 463 1764 ora
480 1700 677 1785 indignantia
694 1701 800 1765 solvit:

65 1793 143 1851 ‘non
160 1809 219 1871 ego
237 1808 294 1871 pro
311 1786 423 1851 mundi
439 1807 538 1870 regno
555 1786 657 1871 magis
675 1786 787 1850 anxius
804 1787 858 1850 illa

63 1883 251 1957 tempestate
268 1872 330 1949 fui,
348 1893 412 1954 qua
429 1882 554 1936 centum
572 1872 705 1954 quisque
722 1872 855 1957 parabat

62 1958 180 2022 inicere
211 1957 425 2043 anguipedum
442 1958 567 2041 captivo
584 1956 846 2023 bracchia'oaelo.

63 2067 138 2108 nam
156 2065 347 2126 quamquam
364 2042 451 2107 ferus
469 2043 568 2106 hostis
585 2053 665 2119 erat,
683 2055 789 2108 tamen
806 2044 885 2107 illud
902 2043 943 2107 ab
961 2065 1025 2107 uno

63 2150 195 2214 corpore
212 2140 243 2194 et
260 2151 300 2193 ex
317 2151 381 2191 una
397 2127 557 2212 pendebat
573 2129 693 2213 origine
711 2129 839 2193 bellum.

62 2237 149 2279 nunc
165 2213 257 2290 mihi,
275 2235 338 2297 qua
356 2225 457 2277 totum
475 2213 598 2279 Nereus
617 2215 824 2278 circumsonat
843 2214 961 2292 orbem,

62 2299 260 2386 perdendum
277 2310 324 2364 est
341 2300 472 2365 mortale
489 2321 599 2383 genus.
643 2320 701 2384 per
717 2300 847 2364 flumina
862 2301 933 2365 iuro

62 2384 166 2450 infera
182 2385 241 2449 sub
259 2396 342 2450 terra
360 2383 474 2470 Stygio
492 2384 631 2448 labentia
647 2385 733 2448 luco:

63 2481 177 2536 cuncta
193 2470 281 2555 prius
298 2482 459 2555 temptata.
503 2469 559 2534 sed
575 2469 805 2536 immedicabile
822 2471 937 2536 vulnus

63 2580 138 2622 cnse
155 2555 358 2622 recidendum
376 2565 437 2633 est,
455 2579 495 2620 ne
512 2577 585 2640 pars
604 2556 725 2621 sincera
743 2555 894 2620 trahatur.

63 2653 137 2707 sunt
153 2641 230 2704 mihi
248 2641 391 2718 semidei,
410 2652 484 2706 sunt
500 2640 618 2706 rustica
635 2641 764 2705 numina
780 2641 949 2727 Nymphae

61 2727 230 2810 Faunique
248 2725 418 2812 Satyrique
435 2737 467 2792 et
483 2727 670 2791 monticolae
689 2726 824 2793 Silvani:

61 2835 142 2896 quos
160 2813 310 2895 quoniam
328 2813 407 2877 caeli
424 2812 565 2876 nondum
583 2812 751 2897 dignamur
767 2814 896 2890 honore,

60 2921 141 2982 quas
160 2897 314 2974 dedimus,
333 2909 417 2962 certe
434 2909 532 2962 terras
549 2898 691 2962 habitare
709 2899 858 2963 sinamus.

61 3007 104 3048 an
121 2983 212 3060 satis,
231 3005 249 3045 o
268 2984 387 3068 superi,
405 2995 489 3048 tutos
507 2984 575 3047 fore
593 2983 718 3048 creditis
736 2984 816 3060 illos,

61 3091 136 3134 cum
153 3066 243 3145 mihi,
262 3069 317 3150 qui
334 3069 470 3145 fulmen,
488 3069 542 3150 qui
560 3090 616 3132 vos
634 3068 799 3151 habeoque
816 3090 967 3154 regoque,

61 3154 210 3218 struxerit
227 3153 356 3218 insidias
373 3165 467 3217 notus
484 3153 607 3218 feritate
625 3153 788 3237 Lycaon?’

60 3238 278 3304 confremuere
295 3261 404 3304 omnes
422 3238 596 3322 studiisque
614 3239 797 3303 ardentibus
814 3262 928 3303 ausum

59 3325 137 3389 talia
155 3325 337 3408 deposcunt.
381 3325 440 3399 sic,
458 3346 530 3388 oum
548 3347 660 3388 manus
678 3324 774 3410 impia
792 3325 891 3388 saevit

59 3410 215 3494 sanguine
234 3407 391 3474 Caesareo
409 3409 589 3474 Romanum
607 3411 791 3494 extinguere
808 3433 933 3487 nomen,

59 3494 228 3560 attonitum
246 3506 332 3558 tanto
351 3494 472 3559 subitae
490 3507 607 3560 terrore
624 3495 734 3560 ruinae

58 3582 234 3645 humanum
251 3602 352 3664 genus
370 3591 417 3644 est
434 3591 580 3662 totusque
598 3581 775 3664 perhorruit
791 3580 885 3644 orbis.

57 3687 120 3730 nec
137 3665 194 3729 tibi
211 3676 303 3750 grata
320 3665 423 3729 minus
440 3666 555 3749 pietas,
573 3666 735 3751 Auguste,
753 3679 878 3730 tuorum
896 3676 953 3743 est,

57 3773 156 3835 quam
173 3749 233 3814 fuit
250 3750 304 3815 illa
321 3751 400 3814 Iovi.
444 3751 499 3833 qui
516 3762 683 3835 postquam
701 3774 777 3816 voce
796 3774 954 3836 manuque

57 3858 222 3901 murmura
240 3837 437 3920 compressit,
455 3847 583 3901 tenuere
602 3837 724 3901 silentia
742 3838 855 3901 cuncti.

57 3921 199 3987 substitit
215 3931 251 3986 ut
268 3922 395 3998 clamor,
413 3944 539 4007 pressus
556 3922 712 4006 gravitate
729 3923 876 4007 regentis,

75 4030 99 4071 u
121 4007 205 4094 piter
221 4006 282 4070 hoo
298 4007 412 4071 iterum
430 4028 574 4072 sermone
591 4008 715 4071 silentia
732 4008 829 4108 rupit:

56 4030 124 4162 ‘itii
143 4091 271 4183 quidem
288 4114 407 4181 poenam
423 4127 466 4141 -
483 4115 591 4161 curam
608 4093 691 4162 hano
708 4093 852 4163 dimrttite
870 4131 912 4142 -
929 4094 1031 4163 solvit.

1061 272 1082 340 5
