2574 4478
172 178 235 245 216
503 190 537 245 P.
557 187 681 247 OVIDII
698 187 861 246 NASONIS

171 316 256 380 mille
273 324 360 399 patet
377 314 494 399 plagis,
512 336 614 379 novus
632 325 679 379 est
697 335 860 379 successor
876 311 1054 377 habendus.

105 421 154 471 120
172 400 307 484 denique
324 436 368 446 -
385 401 462 483 quid
478 400 584 465 verbis
602 421 682 485 opus
700 401 766 464 est?
782 435 826 446 —
842 408 1022 485 spectemur
1040 396 1175 483 agendol

172 509 260 551 arma
277 485 335 549 viri
353 485 442 550 fortis
461 486 580 552 medios
597 486 762 549 mittantur
778 485 812 549 in
829 484 951 549 hostes:

171 572 245 637 inde
262 572 368 636 iubete
385 571 451 655 peti
469 582 500 636 et
517 572 705 636 referentem
723 582 832 635 ornate
850 568 986 634 relatisl’

213 657 354 722 Finierat
371 657 544 722 Telamone
563 668 664 732 satus,
682 656 834 742 vulgique
852 667 998 720 secutum

171 743 283 807 ultima
301 765 444 806 murmur
461 753 542 821 erat3
561 743 662 806 donec
679 741 828 806 Laertius
846 741 938 806 heros

105 850 153 899 125
172 829 270 893 astitit
286 839 382 912 atque
398 829 506 893 oculos
524 828 654 912 paulum
672 827 784 892 tellure
801 837 939 892 moratos

171 914 298 979 sustulit
316 912 357 977 ad
374 935 520 998 proceres
538 924 767 998 expectatoque
784 913 914 977 resolvit

172 1022 227 1064 ora
245 1022 336 1076 sono;
354 1021 458 1082 neque
477 999 567 1063 abest
584 999 729 1063 facundis
746 999 849 1084 gratia
867 997 972 1063 dictisz

214 1083 268 1152 ‘Si
284 1108 355 1150 mea
373 1107 445 1149 cum
463 1084 575 1149 vestris
594 1085 767 1149 valuissent
784 1095 873 1160 vota,
889 1083 1033 1169 Pelasgi,

170 1194 235 1237 non
252 1171 334 1235 foret
352 1169 520 1255 ambiguus
539 1169 619 1234 tanti
636 1170 813 1235 certaminis
831 1170 933 1244 heres,

105 1277 154 1327 130
172 1270 270 1340 tuque
287 1256 350 1321 tuis
368 1256 478 1332 armis,
496 1277 553 1320 nos
571 1266 603 1320 te
620 1267 811 1340 poteremur,
829 1255 966 1320 Achille.

172 1365 267 1426 quem
285 1342 435 1425 quoniam
451 1364 515 1405 non
533 1362 635 1425 aequa
652 1341 729 1405 mihi
747 1340 901 1424 vobisque
917 1350 1078 1425 negarunt

171 1427 258 1503 fata,'
275 1464 319 1474 -
334 1449 493 1511 manuque
511 1427 604 1491 simul
622 1426 719 1490 veluti
736 1426 932 1491 lacrimantia
949 1426 1041 1490 tersit

171 1514 351 1578 lumina-
369 1513 453 1596 ‘quis
471 1534 588 1597 magno
605 1513 718 1576 melius
736 1511 886 1576 succedat
903 1511 1034 1587 Achilli,

172 1621 269 1682 quam
286 1621 344 1684 per
361 1619 457 1682 quem
475 1621 610 1684 magnus
627 1596 751 1661 Danais
769 1597 920 1662 successit
937 1596 1103 1662 Achilles?

106 1705 153 1756 135
171 1684 247 1749 huic
264 1685 416 1748 modone
433 1685 546 1768 prosit,
564 1682 665 1766 quod,
682 1683 730 1746 uti
747 1694 808 1759 est,
825 1683 923 1748 hebes
941 1705 1012 1748 esse
1030 1683 1160 1760 videtur,

172 1793 252 1834 neve
269 1769 347 1832 mihi
364 1781 490 1845 noceat,
510 1769 595 1852 quod
613 1769 703 1834 vobis
722 1791 855 1855 semper,
873 1767 1001 1845 Achivi,

172 1854 304 1941 profuit,
322 1855 499 1940 ingenium;
517 1877 651 1938 meaque
669 1854 748 1918 haec
765 1854 927 1932 facundia,
947 1854 1057 1938 siqua
1075 1865 1132 1930 est,

172 1962 254 2023 quae
270 1963 357 2005 nunc
373 1962 431 2026 pro
449 1941 587 2018 domino,
604 1961 662 2026 pro
680 1940 770 2004 vobis
789 1962 883 2024 saepe
900 1941 1009 2005 locuta
1026 1950 1085 2017 est,

171 2026 291 2090 invidia
308 2036 423 2091 careat.
440 2062 484 2073 -
502 2027 585 2091 bona
601 2048 661 2091 nec
679 2048 736 2090 sua
754 2026 888 2109 quisque
905 2037 1042 2091 recuset.

106 2134 154 2182 140
171 2136 246 2176 nam
263 2135 364 2197 genus
383 2124 414 2177 et
430 2133 565 2197 proavos
584 2122 615 2176 et
632 2132 714 2195 quae
731 2133 795 2175 non
812 2111 946 2176 fecimus
963 2111 1036 2196 ipsi,

172 2199 226 2262 vix
244 2221 282 2263 ea
298 2209 406 2262 nostra
423 2220 513 2262 voco,
556 2197 612 2262 sed
630 2198 728 2274 enim,
748 2197 822 2279 quia
839 2197 958 2261 rettulit
975 2198 1065 2261 Aiax

172 2306 241 2350 esse
258 2283 344 2348 Iovis
362 2305 534 2368 pronepos:
552 2283 650 2348 nostri
668 2304 795 2366 quoque
814 2282 976 2367 sanguinis
994 2293 1108 2348 auctor

171 2369 317 2454 Iuppiter
334 2381 396 2445 est,
414 2369 607 2453 totidemque
624 2369 743 2454 gradus
761 2368 915 2433 distamus
934 2368 1058 2434 abillo.

171 2477 245 2518 nam
263 2454 341 2518 mihi
357 2455 490 2519 La'e'rtes
507 2466 599 2540 pater
616 2465 677 2529 est,
694 2454 846 2518 Arcesius
864 2454 919 2530 illi,

105 2563 153 2612 145
171 2540 316 2625 Iuppiter
333 2540 420 2604 huic:
443 2561 547 2622 neque
569 2539 601 2603 in
619 2539 668 2603 his
686 2540 854 2622 quisquam
872 2540 1041 2605 damnatus
1060 2550 1092 2606 et
1110 2537 1185 2607 exul

171 2638 219 2689 est
237 2647 362 2708 quoque
380 2648 437 2710 per
453 2637 585 2691 matrem
604 2623 768 2709 Cyllenius
786 2625 893 2689 addita
909 2625 1003 2690 nobis

171 2712 270 2776 altera
287 2711 442 2775 nobilitas.
486 2712 564 2776 deus
583 2711 680 2775 estin
699 2722 833 2794 utroque
850 2721 992 2810 parente.

172 2797 227 2861 sed
245 2817 348 2879 neque
365 2807 506 2861 materno
524 2797 610 2879 quod
628 2819 698 2860 sum
715 2818 898 2881 generosior
915 2808 997 2872 ortu,

171 2903 230 2946 nec
247 2881 324 2945 mihi
342 2883 427 2965 quod
445 2893 535 2966 pater
552 2893 599 2946 est
617 2882 746 2946 fraterni
763 2881 925 2982 sanguinis
942 2882 1062 2960 insons,

105 2991 154 3038 150
172 2967 332 3052 proposita
349 2991 437 3031 arma
454 2979 541 3052 peto:
559 2967 677 3032 meritis
696 2969 864 3052 expend1te
881 2990 1033 3044 causam„

171 3053 352 3130 dummodo,
371 3053 456 3135 quod
474 3052 586 3117 fratres
603 3053 758 3118 Telamon
775 3053 956 3136 Peleusque
973 3054 1112 3130 fuerunt,

171 3138 280 3202 Aiacis
298 3138 445 3203 meritum
462 3161 526 3202 non
545 3139 582 3203 sit
610 3161 670 3202 nec
693 3139 855 3223 sanguinis
873 3139 961 3203 ordo:

171 3223 227 3289 sed
245 3223 368 3288 virtutis
386 3223 487 3287 honor
504 3224 611 3308 spoliis
629 3237 799 3307 quaeratur
815 3224 849 3288 in
865 3224 944 3288 istis.

171 3322 226 3373 aut
243 3310 269 3373 si
286 3309 469 3394 proximitas
486 3310 670 3394 primusque
687 3309 856 3392 requiritur
872 3309 973 3386 heres,

104 3417 152 3465 155
171 3406 218 3458 est
235 3395 359 3480 genitor
375 3395 507 3470 Peleus,
526 3407 574 3459 est
590 3394 733 3479 Pyrrhus
750 3394 833 3459 filius
851 3395 906 3459 illi.

171 3480 241 3563 quis
259 3481 347 3545 locus
364 3481 476 3544 Aiaci?
502 3481 651 3544 Phthiam
670 3480 749 3545 haec
768 3479 943 3565 Scyrumve
961 3480 1113 3546 ferantur.

169 3588 229 3630 nec
246 3566 350 3630 minus
369 3578 416 3630 est
432 3565 492 3629 isto
510 3567 633 3631 Teucer
651 3566 801 3651 patruelis
818 3565 951 3630 Achilli:

171 3674 249 3715 num
265 3652 344 3736 petit
360 3651 413 3716 ille
431 3652 556 3715 tamen?
572 3675 649 3714 num
668 3651 694 3715 si
712 3662 812 3736 petat,
831 3651 954 3716 auferat
971 3651 1044 3716 illa?
1060 3686 1104 3699 -

170 3758 246 3821 ergo
264 3758 394 3822 operum
412 3737 561 3819 quoniam
578 3737 700 3800 nudum
718 3749 875 3802 certamen
893 3736 1041 3801 habetur:

103 3842 153 3894 160
170 3821 262 3922 plura
279 3823 407 3905 quidem
424 3822 500 3899 feci,
519 3844 614 3906 quarn
633 3843 715 3905 quae
733 3821 956 3907 comprendere
975 3822 1067 3887 dictis

169 3930 202 3970 m
220 3918 368 3993 promptu
385 3907 463 3971 mihi
480 3908 529 3972 sit.
573 3930 677 3971 rerum
695 3920 801 3972 tamen
818 3908 927 3973 ordine
944 3907 1053 3974 ducar.

168 3991 312 4083 praescia
328 3993 452 4059 venturi
469 3993 613 4080 genetrix
629 3993 745 4060 Nereia
761 3992 816 4060 leti
