2574 4478
282 229 647 289 METAMORPHOSEON
665 231 738 287 LIB.
757 231 808 288 IX.
828 232 937 287 12-99.
1061 217 1122 284 147

97 352 288 440 quaeritur),
306 352 452 438 imposito
469 376 596 438 pressus
614 354 691 418 mihi
709 365 815 418 monte
833 353 974 418 videbar.

95 440 155 505 vix
173 453 279 505 tamen
296 438 414 503 inserui
432 439 545 503 sudore
563 439 694 505 fluentia
709 440 809 503 multo

96 524 264 602 bracchia,
283 525 336 588 vix
354 523 433 589 solvi
451 525 546 588 duros
566 548 584 588 a
601 537 729 610 pectore
747 548 858 589 nexus.

96 613 198 676 instat
216 609 375 675 anhelanti
392 609 600 693 prohibetque
617 633 777 675 resumere
795 611 887 687 vires,

97 709 132 762 et
150 696 272 761 cervice
290 717 361 759 mea
377 695 506 778 potitur.
549 707 618 759 tum
636 696 771 779 denique
789 696 881 760 tellus

96 804 211 868 pressa
228 803 314 866 genu
331 790 438 844 nostro
456 793 516 856 est,
536 791 567 846 et
583 780 717 847 harenas
735 803 789 846 ore
808 781 972 847 momordi.

96 867 230 932 inferior
247 867 378 942 virtute,
397 889 483 930 meas
502 866 646 931 devertor
664 867 705 931 ad
723 878 815 943 artes,

97 952 272 1035 elaborque
291 951 358 1015 viro
375 952 506 1036 longum
524 952 678 1017 formatus
695 951 728 1016 in
746 974 893 1037 anguem.

96 1038 158 1122 qui
175 1048 343 1124 postquam
361 1037 459 1101 flexos
478 1037 601 1101 sinuavi
619 1060 733 1123 corpus
750 1039 783 1101 in
802 1038 905 1113 orbes,

98 1145 238 1207 cumque
255 1123 323 1187 fero
342 1121 427 1186 movi
444 1121 586 1207 linguam
604 1123 736 1188 stridore
754 1122 918 1200 bisulcum,

96 1209 183 1285 risit,
202 1219 233 1273 et
249 1207 384 1272 illudens
402 1219 524 1272 nostras
542 1209 727 1294 Tirynthius
746 1221 828 1273 artes

97 1302 281 1358 “cunarum
298 1293 388 1357 labor
405 1304 453 1357 est
471 1316 591 1379 angues
609 1317 757 1379 superare
775 1293 948 1371 mearum,''

98 1380 195 1455 dixit,
214 1385 270 1443 “et
287 1391 323 1443 ut
340 1378 447 1442 vincas
466 1379 558 1454 alios,
577 1379 733 1457 Acheloe',
752 1379 913 1455 dracones,

96 1487 175 1551 pars
194 1475 289 1547 quota
306 1464 471 1527 Lernaeae
491 1487 617 1549 serpens
636 1465 696 1530 eris
714 1487 796 1529 unus
814 1463 999 1530 Echidnae?

97 1550 284 1615 vulneribus
302 1548 439 1613 fecunda
456 1550 521 1614 suis
540 1561 605 1614 erat
623 1551 691 1626 illa,
708 1573 767 1615 nec
785 1550 885 1614 ullum

98 1638 141 1701 de
161 1647 287 1701 centum
305 1656 438 1698 numero
455 1647 549 1720 caput
568 1647 615 1699 est
631 1636 760 1721 impune
776 1636 922 1713 recisum,

97 1722 179 1806 quin
196 1721 323 1806 gemino
341 1720 447 1784 cervix
464 1719 579 1785 herede
597 1721 750 1786 valentior
767 1732 859 1786 esset.

98 1809 184 1871 hano
203 1828 262 1890 ego
280 1828 437 1870 ramosam
455 1807 536 1870 natis
555 1829 572 1871 e
590 1807 686 1872 caede
705 1807 842 1872 colubris

98 1903 357 1974 crescentemque
375 1891 458 1954 malo
476 1892 584 1955 domui
603 1892 815 1976 domitamque
836 1892 958 1958 reclusi.

98 1977 179 2061 quid
196 1976 264 2041 fore
281 1987 312 2041 te
331 1975 455 2052 credas,
473 1977 589 2041 falsum
608 1977 662 2061 qui
680 2000 789 2042 versus
806 1978 839 2042 in
857 2001 994 2062 anguem

99 2086 190 2126 arma
207 2062 308 2126 aliena
326 2063 454 2126 moves?
480 2083 575 2145 quem
592 2063 694 2127 forma
711 2064 853 2148 precaria
870 2063 993 2128 celat?''

99 2149 239 2212 dixerat:
258 2158 289 2211 et
307 2169 430 2210 summo
449 2147 618 2232 digitorum
636 2148 762 2212 vincula
780 2148 860 2212 collo

98 2233 199 2297 inicit.
243 2233 394 2317 angebar,
413 2255 471 2296 ceu
488 2244 619 2317 guttura
636 2233 756 2316 forcipe
773 2255 914 2318 pressus:

99 2317 332 2405 pollicibusque
349 2339 436 2381 meas
454 2317 637 2402 pugnabam
656 2319 789 2383 evellere
807 2318 925 2384 fauces

98 2405 148 2468 sic
165 2423 292 2486 quoque
310 2402 433 2467 devicto
450 2403 590 2467 restabat
607 2403 699 2468 tertia
716 2403 798 2467 tauri

98 2491 205 2554 forma
221 2487 333 2551 trucis:
351 2499 441 2552 tauro
459 2498 598 2552 mutatus
616 2489 758 2554 membra
775 2489 902 2554 rebello.

97 2574 205 2639 induit
221 2573 273 2637 ille
291 2573 367 2637 toris
385 2573 513 2637 alaeve
529 2585 618 2658 parte
635 2576 768 2640 lacertos
875 2627 878 2633 .

99 2658 339 2741 admissumque
356 2658 484 2723 trahens
503 2660 653 2742 sequitur,
672 2660 883 2745 depressaque
902 2661 981 2726 dura

99 2767 220 2810 cornua
237 2744 306 2828 figit
323 2744 420 2808 humo
438 2765 552 2827 meque
571 2746 634 2810 alta
651 2746 761 2811 sternit
778 2746 905 2811 harena.

97 2853 160 2896 nec
177 2829 253 2894 satis
271 2830 331 2894 hoc
348 2829 465 2894 fuerat:
483 2830 621 2915 rigidum
638 2830 706 2896 fera
724 2832 853 2897 dextera
870 2854 968 2897 cornu

99 2919 178 2981 dum
196 2925 296 2991 tenet,
314 2914 455 3000 infregit,
474 2927 649 3000 truncaque
666 2941 686 2981 a
703 2917 807 2982 fronte
824 2919 955 2982 revellit.

97 3001 220 3067 Naides
238 3000 314 3077 hoc,
331 3000 434 3085 pomis
453 3012 484 3065 et
501 3003 597 3064 odoro
615 3002 691 3066 flore
708 3004 874 3088 repletum,

99 3096 278 3162 sacraruut;
297 3086 447 3169 divesque
466 3109 536 3151 meo
554 3088 646 3150 Bona
664 3085 766 3173 Copia
784 3110 881 3153 cornu
900 3088 967 3154 est.'

99 3174 232 3238 dixerat.
278 3184 309 3236 et
325 3171 478 3256 nymphe,
496 3172 559 3236 ritu
577 3173 736 3237 succincta
753 3175 889 3251 Dianae,

98 3282 164 3323 una
181 3257 409 3333 ministrarum,
427 3257 506 3321 fusis
524 3259 681 3341 utrimque
700 3260 830 3344 capillis,

98 3344 227 3408 incessit
245 3354 408 3426 totumque
426 3344 496 3407 tulit
514 3344 688 3428 praedivite
706 3366 804 3408 cornu

99 3441 288 3494 autumnum
307 3440 338 3492 et
355 3451 493 3503 mensas,
511 3430 616 3493 felicia
633 3451 742 3514 poma,
761 3432 925 3497 secundas.

97 3517 155 3579 lux
174 3513 274 3590 subit3
293 3525 324 3577 et
341 3514 441 3598 primo
459 3513 591 3579 feriente
609 3517 774 3580 cacumina
791 3517 857 3581 sole

99 3599 268 3664 discedunt
284 3599 413 3664 iuvenes
431 3597 548 3683 (neque
567 3601 665 3678 enim,
684 3602 760 3666 dum
778 3602 908 3666 flumina
925 3624 1038 3688 pacem

98 3698 132 3749 et
147 3685 289 3770 placidos
307 3683 445 3750 habeant
461 3686 569 3770 lapsus
587 3699 734 3771 totaeque
751 3687 898 3762 residant,
1138 3710 1169 3760 95

98 3770 315 3855 opperiuntur,
334 3773 463 3854 aquae);
481 3773 587 3836 vultus
605 3772 767 3837 Achelous
785 3784 926 3858 agrestes

98 3867 131 3920 et
148 3858 288 3921 lacerum
306 3878 403 3920 cornu
421 3857 532 3921 mediis
551 3870 646 3958 caput
664 3858 786 3923 abdidit
802 3859 906 3923 undis.

141 3942 240 4004 Hunc
256 3952 361 4006 tamen
380 3941 475 4006 ablati
494 3942 615 4007 domuit
631 3944 753 4008 iactura
770 3944 901 4021 decoris,
1079 3959 1187 4016 Nessus.

97 4039 204 4091 cetera
222 4048 331 4112 sospes
348 4027 458 4124 habet3
477 4028 587 4114 capitis
606 4051 731 4114 quoque
749 4029 861 4096 fronde
879 4029 1002 4116 saligna

900 4131 951 4185 10·
