2574 4478
276 213 643 273 METAMORPHOSEON
659 215 733 271 LIB.
752 217 789 272 II.
808 218 952 275 etc—65⁷.
1079 208 1121 274 33

98 340 168 408 odit
185 362 293 417 avem,
309 362 368 425 per
385 360 481 423 quam
499 339 618 406 crimen
636 362 828 424 causamque
847 342 974 408 dolendi

98 428 181 493 scire
199 437 328 491 coactus
345 437 428 503 erat,
445 447 585 491 necnon
603 448 775 510 arcumque
792 450 985 513 manumque
1140 450 1189 500 615

98 514 167 578 odit
185 533 321 595 cumque
337 535 436 577 manu
453 511 620 578 temeraria
637 514 713 588 tela,
732 513 877 597 sagittas:

98 599 336 684 collapsamque
352 598 440 663 fovet
458 619 590 681 seraque
608 619 668 683 ope
685 597 812 663 vincere
829 598 897 664 fata

97 685 209 749 nititur
227 694 259 748 et
275 684 415 748 medicas
432 694 558 749 exercet
575 683 710 748 inaniter
727 694 819 748 artes.

97 792 183 854 quae
199 780 368 855 postquam
385 769 503 834 frustra
519 780 686 854 temptata,
703 790 880 855 rogumque
897 771 1002 855 parari

98 854 178 920 vidit
196 865 228 921 et
245 876 370 919 arsuros
387 855 542 940 supremis
560 855 687 940 ignibus
705 865 802 930 artus,

98 953 168 1007 tum
185 962 261 1005 vero
278 940 415 1025 gemitus
433 940 550 1024 (neque
568 941 652 1006 enim
671 940 818 1005 caelestia
835 940 938 1026 tingui

98 1049 155 1091 ora
172 1026 247 1091 licet
262 1025 415 1110 lacrimis)
433 1027 497 1090 alto
515 1026 554 1092 de
572 1026 665 1091 corde
683 1025 798 1111 petitos

98 1112 213 1177 edidit:
231 1111 318 1176 haud
335 1112 434 1187 aliter,
452 1133 549 1194 quam
566 1133 638 1176 cum
657 1122 818 1197 spectante
835 1111 970 1178 iuvenca

97 1197 243 1264 lactentis
261 1197 352 1262 vituli
369 1198 480 1262 dextra
496 1197 629 1262 libratus
647 1197 687 1262 ab
705 1219 781 1262 aure

97 1295 244 1369 tempora
261 1283 408 1348 discussit
425 1283 510 1349 claro
527 1305 607 1348 cava
624 1283 755 1348 malleus
772 1283 849 1349 ictu.

96 1382 136 1435 ut
152 1381 259 1434 tamen
276 1369 417 1455 ingratos
434 1369 467 1435 in
484 1380 613 1454 pectora
630 1368 713 1434 fudit
730 1368 844 1434 odores

98 1467 132 1522 11
150 1454 237 1520 dedit
255 1456 419 1540 amplexus
436 1454 617 1538 iniustaque
633 1455 717 1520 iusta
733 1455 867 1540 peregit,

97 1564 163 1607 non
182 1540 253 1605 tulit
270 1540 303 1604 in
320 1540 440 1606 cineres
456 1540 523 1605 labi
541 1563 598 1605 sua
614 1539 767 1606 Phoebus
785 1541 913 1607 eosdem

99 1627 236 1703 semina,
254 1625 309 1691 sed
326 1637 435 1690 natum
452 1627 587 1692 flammis
604 1636 757 1710 uteroque
774 1627 913 1711 parentis

98 1712 215 1798 eripuit
232 1711 413 1798 geminique
430 1712 502 1777 tulit
520 1709 668 1777 Chironis
686 1712 719 1776 in
736 1722 871 1789 antrum,
1139 1736 1190 1786 630

99 1807 343 1884 sperantemque
361 1797 422 1862 sihi
438 1821 502 1862 non
520 1798 618 1863 falsae
636 1798 777 1883 praemia
793 1798 923 1884 linguae

97 1886 183 1950 inter
199 1905 275 1948 aves
293 1884 381 1948 albas
399 1884 499 1948 vetuit
516 1884 687 1949 consistere
705 1904 845 1948 corvum.

143 1969 282 2037 Semifer
297 1968 418 2034 interea
436 1969 561 2034 divinae
579 1968 684 2054 stirpis
702 1969 830 2034 alumno
1067 1987 1188 2056 Ocyrtoe.

97 2057 202 2122 laetus
220 2065 288 2119 erat
304 2055 467 2138 mixtoque
484 2054 571 2120 oneri
588 2054 750 2141 gaudebat
766 2055 895 2119 honore.

99 2164 175 2208 ecee
192 2139 279 2205 venit
295 2140 396 2204 rutilis
413 2161 538 2205 umeros
556 2151 698 2225 protecta
715 2141 836 2225 capillis
1141 2163 1189 2212 635

97 2228 165 2293 filia
179 2223 351 2305 Centauri,
371 2247 466 2308 quam
485 2226 644 2309 quondam
661 2226 803 2310 nympha
821 2222 969 2290 Chariclo

97 2311 238 2378 fluminis
254 2311 288 2374 in
304 2309 407 2396 rapidi
423 2312 499 2396 ripis
517 2311 610 2376 enixa
626 2312 752 2376 vocavit

99 2397 284 2482 Ocyrhoe'n.
326 2419 392 2461 non
410 2396 488 2462 haec
505 2409 588 2462 artes
606 2407 753 2462 contenta
770 2406 917 2481 paternas

99 2483 267 2550 edidicisse
283 2481 359 2547 fuit:
377 2482 515 2548 fatorum
533 2505 649 2547 arcana
666 2481 809 2546 canebat.

98 2591 177 2655 ergo
194 2568 251 2633 ubi
268 2567 420 2633 vaticinos
439 2569 585 2653 concepit
601 2578 706 2633 mente
723 2567 846 2632 furores

97 2653 294 2737 incaluitque
312 2653 386 2731 deo,
405 2675 500 2737 quem
518 2655 660 2718 clausum
678 2663 805 2737 pectore
822 2652 971 2731 habebat,

99 2740 215 2826 aspicit
230 2739 385 2805 infantem
403 2737 558 2821 ‘toto'que
572 2739 729 2803 ‘salutifer
746 2738 815 2802 orbi

98 2847 206 2891 cresce
224 2824 327 2910 puer’,
346 2823 439 2900 dixit,
457 2823 528 2889 ‘tibi
546 2847 580 2888 se
596 2824 741 2888 mortalia
759 2847 854 2909 saepe

98 2932 233 2996 corpora
249 2909 420 2975 debebunt.
464 2910 584 2974 animas
602 2910 659 2973 tibi
676 2910 808 2974 reddere
825 2909 989 2995 ademptas

97 2998 148 3062 fas
168 2995 236 3060 erit.
278 2995 374 3078 idque
392 2995 490 3059 semel
508 2995 556 3058 dis
572 2994 810 3079 indignantibus
828 3017 934 3070 ausus,

97 3104 193 3169 posse
211 3081 286 3146 dare
303 3080 364 3145 hoc
381 3080 496 3144 iterum
512 3081 640 3145 flamma
657 3079 865 3164 prohibebere
883 3081 978 3158 avita,

96 3189 182 3252 eque
200 3166 259 3231 deo
278 3187 392 3251 corpus
411 3166 467 3230 fies
485 3187 644 3314 exangue,
663 3166 815 3248 deusque,

97 3253 155 3338 qui
172 3252 268 3316 modo
285 3273 400 3336 corpus
418 3273 502 3328 eras,
521 3261 553 3316 et
592 3251 618 3314 is
636 3262 692 3315 tua
708 3251 775 3316 fata
791 3251 933 3315 novabis.

97 3351 133 3405 tu
152 3359 295 3422 quoque,
314 3358 386 3403 care
403 3347 503 3422 pater,
520 3358 605 3401 nunc
621 3336 806 3402 immortalis
824 3347 856 3401 et
874 3335 959 3401 aevis

97 3423 246 3490 omnibus
263 3433 300 3487 ut
315 3445 461 3499 maneas,
479 3420 629 3487 nascendi
646 3423 717 3507 lege
734 3433 859 3487 creatus

96 3532 192 3597 posse
210 3508 290 3572 mori
308 3507 416 3594 cupies
434 3518 517 3585 tum,
536 3529 608 3573 cum
626 3507 806 3574 cruciabere
825 3508 911 3572 dirae

97 3593 254 3680 sanguine
273 3593 426 3679 serpentis
443 3616 501 3678 per
517 3593 625 3659 saucia
641 3594 784 3659 membra
800 3603 941 3677 recepto:

95 3692 192 3764 teque
211 3702 252 3743 ex
268 3689 395 3744 aeterno
413 3679 584 3765 patientem
600 3680 731 3744 numina
747 3679 857 3743 mortis

97 3766 252 3843 efficient,
270 3764 471 3850 triplicesque
489 3765 567 3830 deae
585 3775 640 3829 tua
657 3766 710 3830 fila
727 3763 905 3830 resolvent?

96 3851 239 3917 restabat
255 3848 329 3915 fatis
346 3850 476 3934 aliquid.
520 3850 659 3936 suspirat
675 3850 716 3915 ab
734 3851 805 3915 imis

95 3935 294 4023 pectoribus,
311 3935 523 4019 lacrimaeque
541 3936 631 4022 genis
649 3937 800 4001 labuntur
816 3936 956 4013 obortae,

96 4034 193 4107 atque
209 4021 256 4086 ita
274 4021 505 4108 ‘praevertunt’
523 4021 626 4110 inquit
645 4027 710 4088 ‘me
727 4022 808 4099 fata,
827 4033 977 4105 vetorque

147 4120 303 4172 onccmu
930 4121 949 4178 3
