2574 4478
242 249 303 316 128
572 263 605 318 P.
625 263 749 321 OVlDII
766 261 928 321 NASONIS

239 388 315 453 orbe
333 408 405 463 suo;
422 387 578 471 tellusque
596 387 652 451 tibi
669 398 847 472 pontusque
865 398 1008 472 negetur.

240 484 324 538 certe
342 494 402 557 ego
419 495 483 537 non
499 474 611 557 patiar,
628 473 714 537 Iovis
731 473 937 548 incunabula,
957 471 1084 549 Creten,

173 579 222 628 100
239 558 294 640 qui
310 581 400 622 meus
418 569 466 622 est
483 559 568 622 orbis
573 606 582 635 ,
600 570 725 622 tantum
742 559 922 643 contingere
940 554 1135 623 monstrum?

240 644 328 707 dixit.
373 654 403 708 et
420 655 455 707 ut
472 645 559 728 leges
577 644 677 728 captis
694 643 882 708 iustissimus
900 655 1010 708 auctor

238 729 382 793 hostibus
398 729 562 813 imposuit,
581 728 689 793 elassis
707 728 879 793 retinacula
896 728 975 794 solvi

238 815 328 878 iussit
345 824 377 879 et
395 825 517 878 aeratas
533 814 657 898 impleri
674 813 795 898 remige
811 836 943 899 puppes.

239 897 348 983 Scylla
363 898 445 965 freto
461 910 630 984 postquam
648 899 799 963 deductas
815 921 891 964 nare
910 899 1032 964 carinas

172 1006 221 1054 105
238 1007 298 1050 nec
314 996 473 1069 praestare
491 986 605 1049 ducem
622 984 749 1049 sceleris
766 983 826 1048 sibi
842 986 983 1070 praemia
999 984 1089 1062 vidit,

239 1071 433 1154 consumptis
449 1070 597 1155 precibus
614 1070 784 1135 violentam
800 1070 913 1134 transit
928 1069 963 1134 in
979 1070 1070 1145 iram,

237 1156 467 1237 intendensque
483 1178 611 1233 manus,
628 1155 730 1240 passis
746 1155 920 1219 furibunda
937 1155 1057 1240 capillis

238 1248 316 1324 ‘quo
333 1241 439 1326 fugis‚’
458 1242 613 1306 exclamat
631 1240 828 1306 ‘meritorum
845 1251 972 1305 auctore
989 1241 1109 1319 relicta,

237 1347 257 1390 o
274 1327 394 1411 patriae
410 1326 550 1411 praelate
566 1348 671 1403 meae,
688 1326 827 1411 praelate
844 1326 986 1411 parenti?

171 1432 221 1483 110
237 1433 301 1494 quo
318 1412 418 1496 fugis,
435 1412 586 1476 immitis?
603 1411 693 1476 euius
711 1411 842 1476 victoria
858 1424 1002 1476 nostrum

238 1508 269 1562 et
286 1497 389 1562 scelus
407 1507 438 1562 et
454 1498 601 1561 meritum
618 1508 676 1562 est.
719 1519 779 1562 nec
796 1507 827 1561 te
845 1497 919 1561 data
935 1519 1081 1575 munera,
1099 1518 1158 1562 nec
1175 1509 1205 1564 te

157 1605 158 1608 ¹
237 1593 345 1647 noster
362 1604 451 1647 amor
467 1583 580 1659 movit,
596 1603 656 1648 nec
673 1582 758 1665 quod
777 1605 848 1667 spes
866 1583 967 1647 omnis
984 1584 1017 1646 in
1034 1605 1135 1646 unum

236 1678 269 1732 te
285 1691 359 1734 mea
377 1679 527 1753 congesta
544 1668 610 1733 est?
635 1691 710 1732 nam
728 1689 792 1751 quo
811 1668 934 1732 deserta
950 1669 1109 1733 revertar?

236 1753 269 1816 in
286 1752 439 1837 patriam?
457 1764 604 1838 superata
620 1753 712 1818 iacet.
755 1753 811 1817 sed
829 1754 914 1838 finge
930 1774 1073 1819 manere:

170 1859 219 1907 115
238 1839 414 1924 proditione
430 1862 503 1904 mea
520 1839 627 1905 clausa
645 1850 692 1903 est
708 1838 795 1902 mihi.
838 1839 936 1924 patris
954 1839 994 1903 ad
1013 1839 1087 1903 ora?

237 1944 333 2006 quem
350 1923 408 1988 tibi
425 1925 560 1988 donavi?
585 1924 669 1989 cives
687 1924 781 1989 odere
797 1935 984 2002 merentem3

236 2009 359 2073 finitimi
376 2010 556 2095 exemplum
571 2020 726 2074 metuunt.
769 2009 986 2074 obstruximus
1002 2010 1113 2074 orbem

236 2106 391 2159 terrarum
407 2095 511 2173 nobis,
529 2106 565 2160 ut
583 2092 678 2160 Crete
696 2095 763 2159 sola
778 2105 910 2180 pateret.

237 2180 298 2245 hac
315 2201 442 2264 quoque
459 2181 486 2246 si
503 2180 651 2265 prohibes
669 2191 702 2246 et
717 2202 790 2258 nos,
807 2181 945 2266 ingrate,
962 2181 1124 2264 relinquis,

170 2286 220 2336 120
236 2288 300 2330 non
317 2267 460 2351 genetrix
477 2265 608 2351 Europa
625 2266 682 2330 tibi
699 2277 762 2340 est,
780 2266 836 2331 sed
852 2267 1011 2351 inhospita
1029 2266 1144 2352 Syrtis,

235 2352 407 2417 Armeniae
424 2352 521 2437 tigres
539 2361 707 2435 austroque
725 2352 843 2436 agitata
861 2349 1050 2436 Charybdis.

235 2459 295 2501 nec
311 2438 389 2502 Iove
406 2448 440 2501 tu
457 2447 565 2514 natus,
582 2459 641 2503 nec
657 2448 759 2501 mater
774 2437 913 2523 imagine
930 2438 1013 2502 tauri

235 2522 332 2586 ducta
348 2534 403 2587 tua
420 2534 480 2602 est3
499 2523 624 2608 generis
641 2522 721 2586 falsa
738 2533 786 2587 est
803 2545 842 2587 ea
858 2522 982 2587 fabula:
1010 2545 1102 2588 verus

236 2619 267 2673 et
284 2608 370 2673 ferus
388 2619 420 2673 et
437 2620 547 2693 eaptus
564 2607 680 2672 nullius
698 2630 804 2673 amore
821 2608 984 2684 iuvencae,

169 2713 217 2763 125
235 2693 337 2775 quite
355 2693 536 2824 progenuit,
554 2704 664 2758 taurus
680 2692 751 2757 fuit.
794 2693 887 2779 exige
927 2715 1031 2770 cenas,

234 2779 312 2844 Nise
329 2790 431 2879 pater.
458 2779 594 2864 gaudete
610 2778 715 2855 malis,
734 2779 828 2843 modo
844 2801 901 2865 pro
926 2780 982 2854 ta,
999 2780 1125 2859 nostris,

235 2863 373 2928 moenral
399 2887 472 2928 nam
490 2864 600 2941 fateor,
618 2865 719 2930 merui
736 2875 768 2930 et
785 2887 856 2930 sum
873 2865 969 2951 digna
985 2865 1097 2965 perire.

235 2948 291 3014 sed
307 2959 413 3013 tamen
431 2949 549 3015 axillis
566 2949 694 3033 aliquis,
712 2971 792 3033 quos
809 2949 907 3035 impia
923 2951 1010 3027 laen,

234 3057 285 3099 me
303 3035 444 3118 perimat.
488 3056 554 3112 eur,
572 3035 627 3118 qui
644 3034 746 3100 vicisti
763 3035 891 3101 crimine
909 3047 1025 3112 nostro,

168 3138 218 3189 rao
234 3119 407 3202 insequeris
425 3119 562 3185 crimen?
588 3120 690 3185 scelus
707 3120 768 3185 hoc
784 3121 967 3206 patriaeque
984 3121 1141 3206 patrique,

234 3204 375 3269 officium
391 3204 448 3269 tibi
466 3205 515 3270 sit.
557 3216 589 3271 te
606 3228 680 3270 vere
697 3205 832 3291 coniuge
850 3206 946 3292 digna
963 3218 1021 3283 est,

234 3311 316 3372 quae
332 3300 457 3354 torvum
474 3291 560 3376 ligno
578 3291 702 3376 decepit
719 3291 860 3357 adultera
877 3304 1003 3356 taurum

233 3375 472 3459 discordemque
490 3388 579 3441 utero
596 3378 697 3442 fetum
713 3376 793 3441 tulit.
837 3377 950 3461 ecquid
968 3376 1009 3441 ad
1027 3400 1119 3443 aures

232 3460 420 3545 perveniunt
436 3484 508 3526 mea
524 3461 608 3527 dicta
625 3463 714 3527 tuas?
731 3485 771 3526 an
788 3462 894 3527 inania
911 3463 994 3527 vent'

167 3567 215 3618 1³5
233 3546 330 3611 verba
346 3546 466 3624 ferunt,
483 3547 631 3631 idemque
648 3558 732 3622 tuas,
750 3548 886 3633 ingrate,
905 3547 1046 3612 carinas?

231 3631 376 3696 iamiam
393 3632 574 3718 Pasiphaen
591 3656 656 3698 non
673 3644 721 3699 est
736 3632 879 3698 mirabile
896 3644 1024 3698 taurum

231 3717 450 3803 praeposuisse
467 3718 539 3783 tibi:
557 3729 591 3783 tu
609 3719 681 3804 plus
698 3718 830 3785 feritatis
847 3719 998 3784 habebas.

232 3825 283 3868 me
300 3802 460 3869 miseram!
487 3826 657 3890 properare
673 3804 776 3881 iuvat,
794 3804 980 3888 divulsaque
997 3803 1092 3870 remis

231 3887 319 3952 unda
335 3899 440 3953 sonat:
457 3911 582 3955 mecum
600 3888 693 3954 simul
710 3889 745 3954 a!
771 3912 843 3955 mea
860 3900 943 3955 terra
959 3891 1088 3955 recedit.

165 3992 215 4045 110
230 3971 276 4036 nil
292 3971 376 4059 agis,
394 3995 413 4039 o
431 3974 548 4039 frustra
563 3974 747 4039 meritorum
763 3975 859 4040 oblite
875 3996 1027 4040 meorum.

134 4150 137 4155 1
229 4056 380 4145 insequar
394 4058 543 4138 invitum,
558 4082 760 4149 puppemque
773 4060 919 4147 amplexa
934 4081 1099 4127 recurvam
