2574 4478
168 209 211 274 50
498 220 531 275 P.
551 194 675 277 ovum
691 219 854 276 ursolus

167 357 296 434 pectora
313 354 474 410 traxerunt
492 356 619 410 tenuem
636 367 785 430 percussa
802 345 960 421 ruborem,

168 454 232 498 non
249 432 339 497 aliter
356 453 451 516 quam
468 452 563 517 poma
581 431 695 509 solent,
714 453 797 515 quae
814 429 948 496 candida
965 436 1056 513 parte

167 529 257 605 parte
274 518 401 594 rubent,
420 528 475 582 aut
491 528 527 582 ut
544 517 638 582 variis
657 518 736 582 solet
752 540 816 582 uva
832 515 965 581 racemis

101 623 150 674 405
169 606 284 670 ducere
301 625 496 690 purpureum
513 604 654 668 nondum
671 614 796 669 matura
813 603 960 668 colorem.

169 713 251 776 quae
269 689 362 754 simul
380 689 502 773 aspexit
518 689 689 772 liquefacta
706 712 814 754 rursus
831 688 864 752 in
881 687 979 764 unda,

168 798 233 842 non
250 775 322 840 tulit
338 775 483 852 ulterius3
502 776 558 839 sed
575 786 611 839 nt
626 775 823 842 intabescere
839 775 941 839 flavae

168 863 244 948 igne
260 861 324 926 levi
341 882 445 937 cerae,
463 861 698 944 matutinaeque
715 861 847 946 pruinae

170 948 236 1012 sole
253 957 380 1033 tepente
397 947 512 1023 solent,
531 947 576 1010 sio
594 958 774 1011 attenuatus
792 968 898 1011 amore

102 1051 153 1102 490
169 1033 301 1117 liquitur
317 1043 349 1098 et
365 1042 448 1098 tecto
465 1033 617 1118 paulatim
636 1033 775 1119 carpitur
792 1032 868 1118 igni.

170 1131 203 1186 et
218 1140 322 1202 neque
338 1119 402 1183 iam
420 1118 505 1182 color
522 1130 569 1182 est
586 1118 684 1183 mixto
702 1119 838 1183 candore
854 1117 972 1194 rubori,

169 1227 229 1271 nec
246 1205 337 1291 vigor
354 1215 386 1270 et
402 1202 485 1268 vires
504 1215 536 1269 et
553 1225 635 1287 quae
652 1205 746 1269 modo
763 1204 831 1268 visa
848 1203 1026 1289 placebant,

169 1313 229 1357 nec
246 1312 359 1376 corpus
376 1299 532 1368 remanet,
549 1290 710 1374 quondam
728 1290 814 1375 quod
832 1299 992 1355 amaverat
1009 1286 1111 1352 Echo.

169 1399 252 1461 quae
268 1387 375 1441 tamen
392 1386 428 1440 ut
444 1375 537 1453 vidit,
556 1375 700 1460 quamvis
717 1375 797 1440 irata
813 1397 1005 1459 memorque,

102 1481 152 1530 405
169 1462 317 1540 indoluit,
335 1461 542 1545 quotiensque
559 1484 639 1562 puer
655 1461 841 1526 miserabilis
860 1461 984 1526 ‘cheul'

172 1549 307 1626 dixerat,
324 1547 403 1613 haec
420 1546 540 1610 resonis
557 1547 692 1612 iterabat
708 1547 839 1612 vocibus
858 1546 973 1611 ‘cheu'

172 1654 307 1716 cumque
325 1654 398 1697 snos
416 1632 562 1697 manibus
579 1643 776 1718 percusserat
792 1633 844 1697 ille
861 1633 1005 1709 lacertos,

171 1719 250 1784 haec
268 1739 395 1802 quoque
411 1717 564 1783 reddebat
581 1719 718 1783 sonitum
735 1719 896 1805 plangoris
914 1719 1060 1782 eundem.

170 1804 282 1869 ultima
299 1826 362 1868 vox
379 1802 502 1868 solitam
519 1803 581 1868 fuit
598 1804 676 1869 haec
693 1804 863 1890 spectantis
880 1804 912 1867 in
929 1805 1050 1867 undam

104 1908 154 1959 500
173 1890 251 1954 ‘hen
267 1889 384 1954 frustra
401 1889 513 1954 dilecte
530 1890 637 1974 puerl'
656 1891 850 1973 totidemque
867 1889 987 1954 remisit

172 1975 271 2040 verba
287 1975 386 2041 locus.
430 1974 576 2058 dictoque
594 1976 699 2053 ‘vale,'
718 1976 817 2041 ‘vale'
834 1975 937 2058 inquit
955 1985 985 2040 et
1003 1973 1104 2038 Echo.

172 2061 225 2126 ille
243 2072 340 2146 caput
356 2059 446 2125 viridi
465 2059 585 2125 fessum
603 2060 759 2125 summisit
775 2062 807 2125 in
826 2060 937 2126 herba:

171 2146 292 2212 lumina
309 2169 393 2212 mors
411 2145 523 2211 clausit
540 2146 658 2210 domini
674 2147 821 2211 mirantia
837 2146 982 2211 formam.

172 2244 239 2297 tum
258 2253 385 2316 quoqne
403 2254 450 2309 se,
469 2242 637 2316 postquam
655 2244 702 2297 est
718 2232 842 2296 inferna
860 2232 934 2297 sede
952 2242 1109 2318 receptus,

106 2336 154 2386 505
172 2318 204 2382 in
224 2317 338 2404 Stygia
355 2317 518 2403 spectabat
535 2339 627 2402 aqua.
671 2319 821 2404 planxere
839 2339 960 2382 sorores

170 2403 290 2469 Naides
308 2413 339 2468 et
357 2415 458 2468 sectos
475 2403 563 2468 fratri
580 2425 715 2489 posuere
732 2403 872 2490 capillos,

171 2490 361 2590 planxerunt
377 2487 537 2573 Dryades:
555 2488 778 2575 plangentibus
796 2499 923 2554 assonat
940 2487 1041 2553 Echo.

171 2596 298 2658 ramque
315 2596 428 2659 rogum
446 2595 639 2658 quassasque
656 2574 742 2640 faces
760 2573 974 2658 feretrumque
983 2575 1160 2724 parabant:

172 2681 329 2744 nusquam
347 2682 460 2744 corpus
479 2671 554 2724 erat.
598 2683 743 2725 croceum
783 2683 818 2725 ro
837 2682 967 2745 corpore
1007 2681 1094 2724 orem

105 2761 155 2810 510
172 2746 351 2822 inveniunt,
369 2745 452 2810 foliis
469 2746 609 2810 medium
628 2683 826 2832 cingentibus
845 2746 933 2810 albis.

215 2828 353 2916 Cognita
362 2854 412 2895 res
427 2830 572 2895 meritam
581 2831 645 2895 vati
658 2855 715 2916 per
723 2831 885 2896 Achaidas
897 2831 992 2896 urbes
1045 2848 1177 2901 Pentheus.

175 2917 322 2981 attulerat
339 2916 471 2991 famam,
489 2938 666 3001 nomenque
684 2929 752 2982 erat
768 2917 898 3003 auguris
915 2917 1037 3002 ingens.

171 3001 290 3087 spernit
311 3000 501 3067 Echionides
520 3013 625 3066 tamen
642 3002 726 3068 hunc
742 3026 782 3068 ex
800 3002 945 3066 omnibus
963 3026 1046 3066 unus

171 3098 367 3172 contemptor
384 3110 532 3172 superum
553 3088 724 3164 Pentheus,
743 3110 960 3189 praesagaque
977 3089 1059 3153 ridet

103 3190 152 3239 515
171 3173 269 3238 verba
287 3173 370 3238 senis
392 3174 600 3257 tenebrasque
617 3185 648 3238 et
666 3174 788 3239 cladem
805 3175 884 3238 lucls
902 3174 1067 3260 ademptae

170 3258 276 3323 obicit.
311 3258 364 3323 ille
385 3280 517 3324 movens
538 3259 677 3324 albentia
694 3271 836 3344 tempora
854 3260 940 3324 canis

171 3352 277 3427 ‘quam
295 3344 371 3408 felix
389 3367 484 3419 esses,
504 3345 530 3408 si
549 3355 583 3408 tu
602 3366 729 3428 quoque
746 3345 872 3409 luminis
890 3345 984 3409 huius

172 3429 279 3494 orbus'
299 3430 342 3493 ait
361 3430 471 3505 ‘fieres
489 3453 529 3494 110
548 3431 706 3495 Bacchica
715 3453 805 3494 sacra
815 3429 955 3495 videres!

171 3536 307 3598 namque
326 3515 392 3579 dics
410 3515 523 3592 aderit,
542 3537 637 3599 quam
655 3538 718 3580 non
737 3517 847 3601 procul
864 3537 1003 3601 auguror
1022 3537 1099 3593 esse,

103 3618 152 3666 520
170 3623 234 3683 qua
251 3622 351 3663 novus
370 3599 432 3664 huc
449 3601 569 3677 veniat,
586 3601 690 3686 proles
710 3600 880 3679 Semeleia,
898 3601 1006 3666 Liber.

169 3707 262 3767 quem
281 3685 341 3748 nisi
359 3685 547 3770 templorum
565 3686 662 3751 fueris
682 3688 829 3773 dignatus
845 3687 973 3762 honore,

169 3770 254 3834 mille
272 3771 356 3835 lacer
374 3794 521 3856 spargere
539 3771 631 3849 locis,
650 3783 680 3836 et
698 3773 852 3859 sanguine
870 3773 965 3836 silvas

169 3855 311 3920 foedabis
330 3867 524 3940 matremque
542 3868 629 3920 tuam
647 3858 819 3942 matrisque
838 3879 969 3922 sorores.

169 3941 302 4005 eveniet.
346 3963 449 4024 neque
467 3943 550 4007 enim
569 3942 740 4028 dignabere
758 3965 876 4008 numen
892 3943 1021 4020 honore,

105 4045 152 4092 515
168 4048 281 4111 meque
299 4025 359 4102 sub
378 4026 426 4091 his
445 4028 581 4095 tenebris
599 4028 731 4094 nimium
749 4028 865 4095 vidisse
883 4027 1043 4115 quereris?
