2574 4478
219 292 585 359 uerrucaruosaou
602 296 675 352 nm.
692 297 774 352 xm.
792 295 937 354 amaea
1016 256 1088 349 (221

67 419 158 489 fortis
175 416 233 486 ubi
250 430 298 485 est
315 419 420 485 Aiax?
436 419 493 486 ubi
510 429 584 486 sunt
600 420 740 507 ingentia
757 421 866 506 magni

67 506 167 573 verba
184 505 262 570 viri?
280 527 336 571 cur
352 504 405 572 hic
421 506 555 572 metuis?
573 528 630 571 cur
646 506 743 571 audet
758 504 873 572 Ulixes
1108 525 1158 576 840

67 594 112 659 ire
129 614 188 679 per
205 590 354 657 excubias
372 602 404 656 et
422 613 456 658 se
474 591 668 657 committere
685 592 779 669 nocti,

67 700 188 765 perque
205 677 289 742 feros
308 698 398 742 enses
415 698 479 742 non
497 687 619 742 tantum
637 677 762 742 moenia
779 677 911 754 Troum,

66 786 179 830 verum
196 761 291 828 etiam
309 785 448 827 summas
466 785 554 828 arces
571 763 688 828 intrare
707 784 827 846 suaque

67 849 188 935 eripere
206 848 284 914 aede
302 848 394 912 deam
411 859 597 935 raptamque
615 848 739 914 adferre
756 870 814 935 per
830 847 958 915 hostes?

66 957 149 1020 quae
167 933 228 998 nisi
245 933 406 1010 fecissem,
424 935 542 999 frustra
559 934 732 1001 Telamone
750 943 875 1001 creatus

65 1030 221 1106 gestasset
237 1019 329 1085 laeva
345 1029 507 1084 taurorum
525 1031 651 1121 tergora
668 1031 799 1106 septem.

65 1108 120 1171 illa
136 1115 229 1172 nocte
247 1104 326 1169 mihi
342 1105 456 1171 Troiae
474 1105 605 1171 victona
621 1117 712 1192 parta
729 1116 786 1170 est.

64 1192 226 1277 Pergama
243 1201 319 1255 tune
336 1190 414 1268 vici,
431 1213 505 1255 cum
522 1191 606 1257 vinci
623 1215 716 1277 posse
734 1213 789 1256 coe
813 1190 821 1207 ⁸

65 1277 175 1343 desine
192 1275 340 1362 Tydiden
357 1276 510 1361 vultuque
528 1288 559 1343 et
576 1299 737 1342 murmure
753 1214 845 1342 nodis

65 1373 224 1429 ostentare
241 1384 358 1428 meum.
392 1385 465 1450 pars
484 1374 532 1427 est
549 1386 607 1427 sua
623 1363 726 1427 laudis
743 1362 776 1427 in
792 1362 858 1428 illo.
970 1423 972 1431 ,

64 1470 125 1514 nec
142 1459 192 1524 tu,
211 1469 283 1512 cum
301 1447 387 1513 socia
404 1448 542 1533 clipeum
558 1470 616 1534 pro
634 1449 734 1513 classe
751 1447 893 1524 tenebas,

65 1535 152 1600 solus
170 1556 253 1599 eras:
272 1533 330 1597 tibi
348 1534 441 1597 turba
459 1556 577 1614 comes,
596 1533 674 1598 mihi
692 1533 824 1620 contigit
840 1555 935 1600 unus.
956 1567 999 1582 -

65 1619 120 1704 qui
137 1619 199 1682 nisi
216 1641 395 1704 pugnacem
412 1620 507 1685 sciret
523 1620 665 1704 sapiente
682 1619 836 1685 minorem

65 1727 149 1783 esse,
168 1727 227 1771 nec
244 1704 416 1770 indomitae
434 1705 543 1770 deberi
559 1705 699 1791 praemia
716 1705 856 1783 dextrae,

64 1791 75 1854 i
99 1814 133 1857 se
152 1811 279 1874 quoque
297 1790 376 1855 haec
392 1801 527 1876 peteret3
545 1801 665 1876 peteret
682 1790 873 1856 moderatior
889 1790 976 1856 Aiax

95 1876 314 1977 urypylusque
331 1875 420 1941 ferox
439 1876 587 1959 claroque
603 1877 829 1942 Andraemone
846 1886 950 1954 natus,

64 1984 124 2028 nec
140 1984 246 2026 nunus
263 1961 453 2027 Idomeneus
470 1962 635 2047 patriaque
653 1973 776 2028 creatus
795 1962 906 2028 eadem

65 2047 242 2124 Meriones,
259 2056 380 2132 peteret
396 2047 523 2112 maioris
541 2047 638 2114 frater
655 2048 800 2113 Atridae.

65 2133 183 2219 quippe
200 2156 297 2197 manu
314 2132 411 2198 fortes
429 2131 503 2216 (nec
520 2144 592 2198 sunt
610 2133 668 2198 tibi
684 2133 791 2198 Marte
809 2133 954 2219 secundi)

66 2218 204 2284 consiliis
222 2240 343 2284 cessere
360 2218 448 2285 meis.
491 2218 550 2283 tibi
567 2219 698 2284 dextera
714 2218 798 2284 betto

65 2304 163 2370 utilis:
182 2303 345 2390 ingenium
363 2316 424 2381 est,
441 2304 528 2388 quod
546 2315 618 2390 eget
635 2304 848 2370 moderamine
866 2315 983 2370 nostro.

65 2403 99 2455 tu
116 2390 200 2455 vires
218 2390 286 2455 sine
302 2400 408 2455 mente
425 2390 523 2476 geris:
540 2389 619 2454 mihi
637 2410 714 2454 cura
729 2389 837 2454 futuri.

65 2487 99 2541 tu
116 2498 260 2562 pugnare
276 2486 380 2561 potes:
397 2476 562 2561 pugnandi
579 2487 723 2561 tempora
738 2497 865 2541 mecum

65 2562 153 2648 eligit
170 2560 309 2626 Atrides.
354 2571 388 2626 tu
406 2571 528 2626 tantum
547 2582 676 2647 corpore
693 2561 821 2646 prodes:

64 2669 122 2712 nos
140 2645 255 2712 animo.
299 2657 493 2730 quantoque,
511 2657 611 2712 ratem
628 2646 683 2729 qui
700 2656 863 2732 temperat,
882 2649 980 2714 anteit

64 2732 193 2817 remigis
211 2731 365 2808 officium,
383 2744 501 2816 quanto
520 2733 585 2797 dux
603 2732 701 2798 milite
718 2733 832 2796 maior:

63 2829 188 2884 tantum
205 2839 266 2903 ego
284 2827 315 2883 te
333 2840 456 2902 supero.
499 2841 559 2885 nec
576 2840 640 2883 non
657 2817 690 2882 in
708 2839 838 2904 corpore
855 2829 961 2883 nostro

62 2915 193 2991 pectora
210 2913 284 2968 sunt
300 2904 424 2988 potiora
440 2926 550 2969 manu:
569 2904 661 2990 vigor
677 2903 779 2968 omnis
796 2904 830 2968 in
846 2905 917 2970 iliis.
935 2939 979 2952 -

63 3000 96 3055 at
114 3011 187 3065 vos,
205 3010 224 3052 o
241 3011 401 3075 proceres,
420 2988 509 3074 vigili
527 2990 599 3054 date
616 2989 756 3074 praemia
773 3000 892 3068 vestr03

83 3096 185 3158 roque
202 3085 249 3138 tot
266 3097 421 3139 annorum
439 3097 527 3151 cura,
546 3075 661 3158 quibus
679 3075 792 3139 anxius
810 3075 871 3160 egi,

60 3098 148 3225 dunc
165 3159 292 3224 titulum
310 3160 428 3225 meritis
445 3161 643 3246 pensandum
659 3159 780 3225 reddite
798 3161 921 3226 nostris.

59 3246 126 3310 iam
143 3245 234 3310 labor
250 3245 284 3309 in
301 3246 363 3310 fine
382 3256 438 3310 est.
482 3246 640 3311 obstantia
657 3247 723 3311 fata
739 3246 870 3324 removi,

60 3333 206 3415 altaque,
223 3353 316 3416 posse
334 3331 405 3415 capi
421 3331 576 3408 faciende,
593 3331 753 3417 Pergama
770 3331 849 3416 cepi.

59 3439 119 3504 per
137 3439 210 3502 spes
228 3438 312 3481 nunc
330 3417 431 3481 socias
449 3438 623 3500 casuraque
640 3416 764 3482 moenia
781 3418 912 3494 Troum,

59 3524 183 3589 perque
201 3502 276 3567 deos
294 3525 359 3579 ore,
378 3524 457 3586 quos
476 3502 558 3568 hosti
574 3526 675 3588 nuper
693 3502 806 3580 ademi,

59 3611 119 3674 per
136 3587 164 3652 si
182 3588 258 3671 quid
275 3598 432 3673 superest,
450 3589 536 3671 quod
553 3587 593 3653 sit
611 3589 768 3675 sapienter
785 3589 954 3674 agendum,

59 3674 87 3738 si
106 3672 184 3757 quid
203 3673 306 3739 adhuc
323 3674 428 3738 audax
446 3697 486 3738 ex
502 3673 728 3760 praecipitique
745 3675 917 3759 petendum
935 3685 996 3740 est:

61 3757 103 3845 [si
122 3757 238 3824 Troiae
255 3758 329 3824 fatis
347 3758 466 3843 aliquid
483 3770 600 3825 restare
618 3758 748 3845 putatis]

59 3854 128 3910 este
144 3845 208 3908 mei
225 3843 393 3910 memores!
411 3856 467 3909 aut
484 3845 511 3909 si
527 3845 604 3910 mihi
621 3868 684 3910 non
702 3845 783 3910 datis
801 3868 898 3923 amru,
987 3907 990 3912 .

57 3928 135 3993 huic
153 3929 255 3994 date1'
273 3941 363 3996 -et
381 3930 518 3996 ostendit
535 3931 660 4016 signum
678 3931 773 3996 fatale
790 3931 965 3998 Minervae.
1098 3954 1149 4006 880

102 4015 197 4080 Mota
214 4038 326 4081 manus
343 4039 509 4102 procerum
528 4030 589 4094 est;
608 4029 639 4082 et
657 4016 733 4100 quid
750 4017 900 4083 facundia
916 4029 1032 4107 posset,

56 4122 92 4167 re
110 4100 227 4187 patuitz
245 4100 398 4187 fortisque
415 4101 475 4169 viri
492 4102 563 4168 tulit
581 4124 669 4167 arma
685 4101 830 4169 disertus.
933 4140 937 4149 ·
