2574 4478
171 271 237 337 264
495 277 537 337 'P.
556 282 680 340 OVIDII
697 280 860 340 NASONIS

100 427 152 475 405
169 407 294 490 fertque
311 406 383 492 pius
401 427 562 490 cunasque
579 429 653 471 suas
670 408 871 491 patriumque
888 407 1080 490 sepulcrum,

168 514 288 578 perque
305 493 391 557 leves
408 515 502 556 auras
519 492 713 576 Hyperionis
730 492 810 556 urbe
827 492 945 576 potitus

169 594 242 642 ante
259 576 343 642 fores
360 599 466 641 000100
483 577 678 661 Hyperionis
695 578 774 641 aede
791 577 925 661 reponit.

169 663 196 726 si
213 676 321 726 tamen
337 675 385 727 est
401 662 520 744 aliquid
537 662 635 726 mirae
653 663 802 726 novitatis
818 663 852 725 in
868 661 947 736 istis,

169 748 324 813 alternare
341 747 427 812 vices
444 760 490 823 et,
508 769 590 830 quae
608 747 703 810 modo
720 748 839 811 femina
855 758 945 831 tergo

100 854 153 903 410
169 855 263 933 passa
279 855 399 897 marem
416 843 478 909 001,
495 854 581 896 0000
598 854 667 897 esse
684 855 804 896 marem
821 832 972 897 miremur
988 832 1156 916 hyaenam.

168 918 203 982 1d
220 938 360 1001 quoque,
377 917 464 1000 quod
480 918 582 982 ventis
599 918 716 981 animal
733 917 871 981 nutritur
887 930 920 982 et
936 941 1025 994 aura,
1111 930 1114 937 '

169 1002 311 1088 protinus
329 1002 506 1079 assimulat,
524 1001 628 1087 tetigit
643 1024 862 1085 quoscumque
879 1003 1010 1067 colores.

168 1088 253 1153 victa
269 1088 454 1153 racemifero
471 1089 582 1172 lyncas
599 1087 685 1152 dedit
703 1088 797 1151 India
811 1086 951 1164 Baccho,

169 1196 187 1239 e
204 1173 335 1257 quibus,
352 1187 389 1238 ut
405 1185 595 1248 memorant,
613 1172 768 1256 quidquid
784 1172 891 1237 vesica
906 1173 1037 1250 remisit,

100 1279 152 1327 410
170 1259 302 1324 vertitur
318 1259 352 1322 in
368 1258 490 1343 lapides
508 1268 539 1323 et
557 1257 704 1342 congelat
720 1264 793 1323 ae're
810 1270 905 1323 tacto.

169 1343 216 1409 010
232 1357 264 1409 01
280 1344 448 1419 curalium,
466 1365 530 1426 quo
547 1344 685 1428 primum
702 1342 834 1428 contigit
851 1367 944 1408 auras

169 1443 324 1514 tempore,
342 1429 493 1493 durescit:
510 1428 614 1493 1001110
631 1428 691 1493 fuit
708 1428 808 1493 herba
824 1429 885 1493 sub
901 1429 1005 1494 undis.

170 1515 292 1579 desinet
308 1526 382 1579 ante
400 1515 481 1590 dies,
500 1530 531 1578 et
547 1514 581 1578 in
597 1513 662 1577 alto
678 1512 830 1578 Phoebus
848 1514 977 1579 anhelos

169 1621 306 1684 aequore
323 1600 446 1684 tinguet
463 1620 575 1682 equos,
593 1619 690 1682 quam
707 1621 883 1682 consequar
899 1601 1005 1664 omnia
1022 1601 1130 1666 verbis

101 1704 153 1752 420
169 1685 202 1749 in
220 1685 342 1769 species
358 1686 510 1748 translata
525 1706 636 1749 novas.
680 1685 725 1748 sic
742 1686 848 1749 omnia
864 1685 945 1750 verti

170 1770 341 1846 cernimus,
359 1781 454 1852 atque
471 1769 541 1834 illas
559 1792 719 1834 assumere
736 1770 850 1834 robora
865 1783 987 1856 gentes,

170 1855 335 1920 concidere
352 1853 419 1919 has.
463 1855 508 1918 010
526 1877 643 1939 magna
659 1855 721 1917 fuit
738 1877 898 1939 censuque
914 1855 1054 1938 virisque

169 1963 288 2026 perque
306 1940 416 2004 decem
433 1939 535 2025 potuit
550 1952 674 2004 tantum
692 1940 767 2004 dare
784 1940 947 2025 sanguinis
964 1963 1075 2020 annos,

170 2047 254 2090 nunc
272 2025 397 2089 humilis
415 2037 537 2090 veteres
555 2026 772 2089 tantummodo
790 2025 888 2089 Troia
903 2026 1011 2090 ruinas

101 2128 152 2177 425
170 2124 201 2175 et
219 2133 276 2195 pro
294 2111 411 2175 divitiis
428 2112 566 2174 tumulos
584 2111 721 2175 ostendit
738 2133 879 2175 avorum.

169 2198 254 2261 clara
270 2197 332 2260 fuit
349 2194 478 2281 Sparte,
495 2219 630 2281 magnae
648 2195 779 2281 viguere
795 2197 967 2280 Mycenae:

172 2280 244 2368 [nec
261 2303 326 2345 non
343 2295 374 2346 et
392 2279 544 2367 Cecropis
561 2303 620 2345 nec
637 2303 701 2345 non
717 2282 907 2366 Amphionis
925 2280 1030 2369 arces]

169 2367 231 2432 vile
249 2367 351 2431 00111111
369 2365 485 2451 Sparte
502 2379 564 2443 est,
582 2368 665 2431 altae
682 2367 823 2432 cecidere
840 2367 1009 2452 Mycenae.

170 2450 269 2538 [Oedi
293 2452 438 2516 odioniae
455 2452 532 2535 quid
550 2464 638 2529 sunt,
656 2452 717 2517 nisi
734 2453 877 2528 nomina,
894 2452 1045 2518 Thebae?

101 2554 153 2605 410
170 2538 246 2621 quid
263 2475 459 2602 1001100100
476 2548 609 2615 restant,
625 2538 687 2602 0101
703 2560 833 2615 001000,
850 2536 1030 2624 1111100001]

170 2645 255 2687 0000
272 2645 399 2723 quoque
416 2621 614 2688 Dardaniam
630 2622 718 2688 fama
735 2634 782 2687 est
799 2645 990 2709 consurgere
1007 2625 1153 2704 Romam,

168 2707 553 2857 Appenmnitgenaequae
570 2708 715 2794 proxima
731 2708 904 2809 thybridis
921 2710 1014 2774 undis

169 2815 252 2858 moe
270 2794 330 2858 sub
346 2804 469 2877 mgentr
484 2817 589 2858 rerum
606 2793 792 2858 fundamma
809 2808 907 2878 pomt.

169 2878 248 2945 haec
264 2879 362 2964 igitur
377 2880 513 2943 formam
530 2881 700 2944 crescendo
717 2890 819 2943 mutat
835 2896 866 2944 et
882 2880 958 2944 olim

101 2983 151 3032 410
169 2964 314 3029 immensi
331 2976 427 3050 caput
445 2965 529 3029 orbis
547 2965 615 3029 erit.
659 2965 704 3028 010
721 2965 825 3030 dicere
842 2977 930 3030 vates

169 3050 376 3133 faticinasque
393 3050 497 3114 ferunt
515 3061 628 3126 sortes3
646 3061 863 3134 quantumque
880 3052 1039 3130 recordor,

169 3136 291 3199 dixerat
307 3135 453 3211 Aeneae,
471 3159 543 3200 cum
561 3158 611 3200 res
628 3134 768 3199 Troiana
785 3137 915 3213 labaret,

168 3220 345 3285 Priamides
362 3222 505 3285 Helenus
522 3220 609 3284 flenti
627 3220 786 3304 dubioque
804 3221 927 3285 salutis:

168 3313 267 3371 “nate
285 3306 358 3382 dea,
376 3306 403 3370 si
419 3316 494 3370 nota
511 3307 586 3369 00110
603 3306 768 3390 praesagia
785 3318 911 3370 nostrae

100 3411 151 3459 440
168 3392 282 3456 mentis
299 3390 413 3466 habes,
431 3413 495 3455 non
513 3400 578 3454 tota
596 3390 687 3455 cadet
705 3403 736 3455 10
754 3391 871 3476 sospite
888 3391 995 3457 Τ1010.

167 3478 295 3542 11010100
311 3477 368 3540 tibi
386 3476 567 3558 ferrumque
586 3476 706 3540 dabunt
721 3477 795 3540 iter:
813 3477 874 3540 ibis
892 3488 924 3542 et
939 3500 1005 3542 una

167 3562 327 3647 Pergama
343 3575 434 3647 rapta
451 3562 547 3637 feres,
566 3562 666 3626 donec
683 3560 860 3645 Troiaeque
878 3562 999 3646 tibique

168 3660 331 3712 externum
350 3647 450 3731 patrio
469 3647 630 3730 contingat
647 3647 778 3710 amicius
796 3670 918 3712 arvum.

168 3733 279 3797 urbem
297 3732 390 3797 etiam
409 3754 502 3797 cerno
519 3731 678 3816 Phrygios
696 3731 811 3796 debere
828 3746 969 3818 nepotes,

99 3838 149 3887 445
167 3830 285 3901 quanta
301 3839 360 3882 nec
378 3832 501 3882 estnec
519 3818 576 3881 erit
593 3839 652 3881 nec
668 3816 736 3881 visa
753 3817 908 3901 prioribus
927 3818 1028 3885 annis.

167 3903 248 3966 hanc
266 3903 317 3966 alii
334 3925 479 3987 proceres
496 3925 553 3987 per
570 3902 696 3966 saecula
712 3903 807 3987 longa
824 3913 995 3987 potentem,

167 3987 224 4052 sed
241 3988 400 4051 dominam
417 4011 522 4053 rerum
539 3988 579 4052 de
597 3987 750 4071 sanguine
767 3998 859 4051 natus
876 3988 940 4052 Iuli

167 4072 291 4141 efficiet.
335 4094 398 4159 quo
417 4095 488 4140 cum
506 4073 599 4140 tellus
617 4072 676 4137 erit
693 4095 766 4151 usa,
783 4073 929 4138 fruentur
