2574 4478
159 218 224 284 142
489 232 524 287 Ρ.
541 231 666 290 ovum
682 229 846 288 NASONIS

89 374 139 425 715
158 362 271 420 “⁴cura
287 356 384 421 deum
400 355 433 419 di
450 355 525 431 siut,
543 357 648 439 etqui
665 356 805 430 coluere,
822 352 1007 417 calaum*

198 440 355 505 Desierat.
381 454 574 525 cunctosque
587 453 619 505 et
637 464 688 505 res
702 452 733 505 et
745 451 887 503 moverat
901 450 1027 503 auctor·
1055 455 1179 509 nm

155 526 281 591 Thesea
298 527 476 611 praecipue.
520 527 716 609 quemfacta
734 525 844 589 audire
860 525 1020 590 volentem

155 613 236 676 mira
252 612 372 676 detim
362 613 489 676 innixus
506 611 613 675 cubito
631 609 828 695 Calydonius
843 611 961 673 Amnis

156 696 272 761 talibus
289 699 473 780 alloquitur.
491 703 595 773 ‘,sunt
612 717 632 759 o
649 697 833 772 fortissime,
849 717 986 778 quornm

90 801 140 852 770
156 783 259 847 sonna
275 784 372 848 semel
389 795 476 848 mota
493 795 540 846 est
559 796 590 847 et
607 783 639 846 in
657 782 718 846 hoc
735 783 938 846 renovamine
954 783 1087 847 mansit.

157 880 245 944 sunt,
263 869 404 951 quibus
394 893 429 932 m
445 867 578 952 plures
568 891 619 932 ιιιε
636 879 683 932 εει
700 869 833 932 transim
849 867 981 952 figuras,

156 966 194 1018 ut
211 916 284 1030 tibi,
302 955 458 1039 complexi
474 966 589 1018 terram
606 954 702 1018 maris
719 953 837 1029 incola,
853 952 985 1017 Ριοιειι.

157 1061 232 1104 nam
248 1040 344 1103 modo
360 1052 393 1104 te
409 1040 573 1117 iuvenem,
588 1039 684 1103 modo
701 1050 734 1104 te
750 1001 857 1102 videie
872 1039 1011 1115 leonem3

157 1146 243 1189 nuuc
260 1126 417 1189 violentus
434 1148 521 1209 aper,
537 1147 638 1201 nuuc,
656 1147 752 1208 quem
768 1124 909 1208 tetigisse
925 1124 1083 1202 timerent,

90 1229 140 1279 ⁷25
157 1209 270 1295 anguis
288 1232 372 1287 eras,
389 1212 484 1274 modo
501 1222 533 1274 te
550 1173 709 1275 faciebant
727 1232 845 1274 cornua
862 1222 999 1273 taurum.

158 1318 253 1381 saepe
268 1296 350 1381 lapis
367 1308 508 1380 poteras,
525 1295 619 1359 arbor
635 1317 762 1396 quoque
779 1317 874 1380 saepe
891 1295 1006 1358 videri.

156 1382 329 1455 interdum,
346 1381 461 1446 faciem
477 1380 694 1465 liquidarum
685 1382 825 1445 smitatns
842 1402 1007 1480 aquarum,

156 1467 275 1532 ιιιιιιιειι
293 1488 376 1530 eras:
394 1467 552 1531 interdum
569 1467 664 1530 nudie
681 1467 855 1531 contrarius
871 1466 965 1551 ignis.

157 1573 217 1618 nec
233 1552 337 1616 minus
350 1552 501 1637 Autolyci
515 1553 652 1617 coniunx
665 1551 897 1652 Erysichthone
910 1564 987 1615 nata
999 1567 1177 1635 Easdem

91 1655 141 1706 730
157 1636 234 1702 iuris
250 1637 357 1702 habet.
399 1650 490 1722 pater
505 1636 599 1702 buius
617 1654 698 1712 erat,
716 1638 771 1721 qui
787 1637 917 1701 numina
934 1637 1045 1702 divum

157 1734 319 1874 superneret
335 1734 369 1788 et
384 1723 487 1787 nullos
505 1722 567 1787 aris
584 1724 725 1787 adoleret
742 1726 863 1790 odores.

192 1831 210 1873 e
228 1807 323 1872 etiam
340 1804 473 1873 Cereale
489 1831 601 1873 nemus
617 1808 752 1873 violasse
769 1808 872 1872 securi

158 1893 273 1958 dicitur
289 1903 322 1958 ει
337 1894 427 1958 lucos
443 1893 528 1958 ferro
544 1904 715 1959 temerasse
731 1904 883 1959 vetustos.

160 1978 290 2044 stabat
280 2002 313 2043 m
330 1977 405 2042 his
395 2001 508 2064 mgens
526 2002 646 2043 annoso
662 1979 776 2044 robore
792 2001 940 2063 quercus,

92 2085 141 2135 735
158 2088 223 2130 una
239 2087 362 2130 nemus.
404 2065 502 2130 vittae
519 2065 657 2130 mediam
673 2087 892 2148 memoresque
908 2065 1046 2131 tabellae

159 2160 304 2233 sertaque
321 2150 505 2237 cingebant,
522 2151 588 2215 voti
605 2162 792 2236 argumenta
808 2151 954 2236 potentis.

159 2258 253 2321 saepe
270 2235 331 2300 sub
347 2235 408 2301 hac
424 2235 573 2320 Dryades
590 2236 688 2301 festas
706 2237 824 2301 duxere
842 2236 988 2301 choreas·

159 2344 254 2423 saepe
271 2321 366 2386 etiam
383 2321 529 2386 manibus
546 2322 636 2387 nexis
653 2345 694 2386 ex
711 2323 819 2386 ordine
836 2322 939 2386 trunci

159 2406 309 2472 circuiere
326 2408 471 2485 modum,
489 2429 700 2491 mensuraque
716 2407 837 2472 roboris
854 2407 946 2471 ulnas

92 2513 142 2562 tto
158 2493 298 2577 quinque
313 2503 363 2558 ter
377 2493 538 2594 implebat.
580 2515 640 2558 nec
656 2515 721 2558 uon
738 2504 771 2557 ει
786 2504 890 2558 cetera
906 2503 994 2557 tanto

158 2578 238 2643 silva
255 2578 315 2642 sub
332 2578 406 2655 hac,
425 2578 504 2644 silva
521 2590 639 2662 quanto
656 2580 716 2643 fuit
732 2579 832 2644 herba
848 2578 908 2642 sub
926 2579 1022 2643 omni.

158 2686 221 2728 uon
239 2675 345 2729 tamen
362 2664 479 2729 idcirco
496 2665 615 2729 sermm
632 2665 799 2765 Triopeius
816 2665 870 2728 illa

158 2748 324 2826 abstinuit,
340 2748 539 2833 famulosque
555 2749 643 2815 iubet
660 2750 821 2815 succidere
839 2771 963 2813 sacrum

157 2834 263 2900 robur.
308 2846 341 2900 ει
355 2845 392 2900 ιιι
407 2834 508 2900 iussos
527 2836 667 2900 cunctari
684 2836 776 2912 vidit,
794 2835 835 2899 ab
852 2857 916 2898 uuo

92 2940 140 2989 745
159 2919 256 2985 edidit
272 2921 352 2985 haec
367 2944 403 2986 ra
426 2923 646 2986 tasceleratus
664 2921 761 2985 verba
778 2921 894 2985 securi·

160 3013 249 3070 “non
266 3006 380 3071 dilecta
397 2932 475 3071 deae
492 3007 609 3082 solum,
627 3007 683 3071 sed
701 3018 732 3071 et
748 3006 818 3107 ipsa
834 3005 941 3070 licebit

159 3092 200 3156 sit
217 3091 317 3156 deat‘
307 3115 370 3156 ram
388 3102 497 3177 tanget
513 3054 679 3157 frondente
696 3091 859 3156 cacumine
876 3091 1022 3158 terramss'

159 3177 247 3241 dixit
291 3188 322 3241 et
339 3176 483 3260 obliquos
502 3176 578 3241 dum
596 3178 693 3242 telum
711 3177 831 3241 librat
821 3201 854 3241 ιιι
871 3176 963 3253 ictus,

159 3262 347 3328 contremuit
362 3263 579 3364 gemitumque
597 3262 683 3327 dedit
700 3261 804 3326 Deoia
821 3284 970 3346 quercus:

92 3368 141 3418 750
159 3359 191 3413 ει
207 3347 323 3433 pariter
339 3347 480 3424 frondes,
498 3348 616 3433 pariter
632 3349 801 3433 pallescere
818 3348 951 3448 glandes

159 3456 327 3534 coepere,
323 3455 361 3498 ac
378 3432 465 3518 longi
482 3435 634 3519 pallorem
652 3434 767 3499 ducere
784 3433 873 3499 rami

159 3519 248 3585 cuius
265 3518 351 3583 utin
368 3530 478 3583 trunco
496 3519 572 3584 fecit
588 3542 701 3584 manus
718 3518 816 3604 impia
833 3520 958 3598 vulnus,

158 3603 244 3669 haud
262 3604 352 3669 aliter
368 3604 459 3669 fluxit
476 3605 615 3706 discusso
633 3605 748 3669 cortice
766 3604 904 3705 sanguis,

158 3711 254 3772 quam
272 3691 364 3766 solet,
382 3700 454 3754 ante
472 3713 541 3755 aras
559 3690 670 3775 ingens
687 3690 743 3754 ubi
760 3689 887 3754 victima
904 3700 1014 3756 taurus

92 3795 140 3845 755
159 3775 307 3851 concidit,
327 3774 460 3860 abrupta
477 3797 569 3841 eruor
586 3799 605 3840 ε
622 3775 743 3840 cervice
761 3775 920 3876 profundi.

159 3860 338 3946 obstipuere
355 3882 478 3938 omnes,
496 3860 671 3945 aliquisque
689 3884 729 3926 ex
747 3861 891 3925 omuibus
909 3862 1006 3926 audet

158 3946 315 4012 deterrere
331 3945 422 4010 nefas
439 3969 629 4060 saevarpque
645 3946 787 4011 inhibere
805 3946 983 4032 bipennem

30 4106 39 4125 Ὃ
157 4030 271 4123 aspicit
286 4030 381 4110 bunc,
399 4032 560 4099 “mentis'’
563 4039 652 4119 que‘
655 4032 740 4120 ‘piae
758 4054 835 4120 cape
852 4032 1031 4121 praemial’'
1050 4033 1132 4102 dixit
