2574 4478
174 268 216 336 ’18
505 282 539 338 Ρ.
556 282 681 339 OVIDII
697 281 860 338 NASONIS

173 428 237 470 non
254 405 486 490 circumspectis
503 424 648 469 exactum
664 406 784 468 viribus
801 428 909 470 ensem

174 491 270 576 fregit
293 493 325 554 in
349 508 490 555 extrema
507 514 675 575 percussae
692 502 780 576 parte
799 491 976 554 columnae:

173 576 291 639 lamina
308 576 443 640 dissiluit
460 576 640 659 dominique
656 577 690 639 in
706 587 834 660 gutture
850 576 916 638 lixa
931 585 989 639 est.

174 683 238 725 non
255 675 361 725 tamen
378 662 419 726 ad
435 662 533 726 letum
551 683 663 725 causas
680 662 757 724 satis
772 662 827 725 illa
844 661 984 724 valentes

108 767 156 816 115
174 747 270 894 Elaga
286 746 381 810 dedit.
424 747 581 831 trepidum
598 746 736 810 Perseus
752 759 784 810 et
796 747 930 812 inermia
946 749 1065 812 frustra

197 831 321 895 racchia
338 831 518 896 tendentem
530 829 696 915 Cyllenide
712 831 851 895 confodit
868 831 976 914 harpe.

174 937 285 980 verum
302 916 357 980 ubi
374 918 521 980 virtutem
538 917 649 981 turbae
666 918 871 981 succumbere
889 916 977 991 vidit,

175 1002 361 1078 ‘auxilium'
378 1001 515 1066 Perseus
534 1003 697 1085 ‘quoniam
714 1002 759 1066 sic
776 1002 887 1085 cogitis
903 1001 984 1086 ipsi,'

174 1087 253 1150 dixit
270 1087 326 1151 ‘ab
342 1086 432 1152 hoste
449 1100 565 1172 petam.
607 1088 714 1151 vultus
731 1089 863 1151 avertite
879 1098 1010 1161 vestros,

109 1189 158 1240 180
175 1173 289 1255 siquis
307 1174 426 1236 amicus
445 1172 563 1236 adestl’
581 1184 614 1237 et
631 1170 791 1257 Gorgonis
809 1172 920 1236 extulit
936 1193 1001 1235 ora.

177 1264 307 1338 ‘quaere
324 1259 436 1335 alium,
453 1270 509 1321 tua
525 1279 620 1340 quem
637 1269 785 1321 moveant
799 1256 964 1320 miracula’
983 1256 1063 1320 dixit

174 1342 361 1407 Thescelus:
379 1355 477 1427 utque
494 1367 590 1406 manu
607 1343 746 1407 iaculum
762 1342 858 1406 fatale
875 1342 1008 1426 parabat

174 1428 311 1504 mittere,
328 1428 362 1492 in
379 1428 439 1492 hoc
455 1429 556 1492 haesit
573 1429 699 1513 signum
717 1428 756 1492 de
773 1449 928 1491 marmore
945 1437 1049 1510 gestu.

174 1513 336 1597 proximus
353 1513 427 1576 huic
443 1514 575 1598 Ampyx
592 1514 689 1577 animi
705 1513 886 1598 plenissima
902 1512 1013 1596 magni

13 1597 14 1600 ¹
109 1616 157 1666 185
174 1609 302 1682 pectora
319 1598 483 1682 Lyncidae
499 1599 606 1683 gladio
623 1599 715 1684 petit:
732 1599 828 1681 inque
845 1596 982 1682 petendo

175 1683 304 1746 dextera
321 1683 472 1768 deriguit3
490 1706 550 1748 uec
567 1685 645 1748 citra
661 1694 747 1748 mota
763 1705 823 1747 nec
839 1682 923 1746 ultra
939 1692 998 1746 est.

72 1817 80 1832 .
174 1782 207 1830 at
224 1767 350 1844 Nileus,
368 1769 474 1851 quise
491 1769 632 1854 genitum
651 1768 853 1854 septemplice
870 1768 944 1832 Nilo

174 1854 341 1917 ementitus
358 1864 438 1931 erat,
456 1854 557 1939 clipeo
573 1875 701 1937 quoque
717 1853 848 1917 flumina
865 1864 987 1939 septem

174 1949 305 2022 argento
321 1939 450 2022 partim,
468 1940 583 2023 partim
600 1941 776 2003 caelaverat
793 1961 880 2013 auro,

107 2039 157 2092 190
175 2024 315 2107 ‘aspice'
333 2025 378 2087 ait
395 2023 543 2101 ‘Perseu,
560 2036 687 2089 nostrae
704 2025 875 2108 primordia
891 2023 1012 2108 gentis:

172 2130 290 2192 magna
306 2109 389 2173 feres
407 2110 517 2173 tacitas
534 2110 651 2174 solacia
666 2110 775 2173 mortis
793 2109 834 2172 ad
850 2109 989 2184 umbras,

174 2215 194 2256 a
210 2204 297 2258 tanto
316 2195 466 2258 cecidisse
482 2195 570 2258 viro?
613 2217 686 2280 pars
703 2194 815 2258 ultima
831 2195 917 2258 vocis

172 2278 206 2342 iu
223 2279 327 2343 medio
345 2302 513 2364 suppressa
530 2301 607 2343 sono
625 2291 686 2356 est,
704 2281 916 2364 adapertaque
934 2279 1016 2342 velle

173 2385 228 2427 ora
245 2365 331 2446 loqui
349 2366 473 2439 credas,
491 2387 550 2430 nec
567 2376 641 2429 sunt
659 2387 697 2430 ea
713 2365 823 2451 pervia
839 2364 953 2428 verbis.

106 2465 154 2515 195
171 2448 313 2533 increpat
330 2450 387 2514 hos
405 2449 573 2533 ‘vitio'que
591 2450 717 2526 ‘animi‚
734 2473 798 2514 non
815 2448 949 2513 viribus'
967 2448 1071 2532 inquit

173 2532 366 2619 ‘Gorgoneis
384 2535 528 2619 torpetis'
546 2534 645 2620 Eryx.
690 2535 852 2600 ‘incurrite
870 2556 995 2600 mecum

173 2630 204 2683 et
221 2620 406 2703 prosternite
424 2620 512 2683 humi
529 2620 676 2685 iuvenem
693 2621 818 2706 magica
835 2643 922 2684 arma
939 2619 1148 2684 moventeml'

172 2703 353 2769 incursurus
371 2715 437 2769 erat
454 2742 497 2752 -
515 2706 615 2769 tenuit
631 2707 766 2790 vestigia
783 2705 886 2781 tellus,

171 2788 383 2873 immotusque
400 2791 479 2854 silex
496 2801 679 2874 armataque
695 2791 812 2854 mansit
827 2791 943 2874 imago.

104 2892 154 2940 200
171 2873 203 2936 hi
222 2885 327 2938 tamen
345 2899 385 2939 ex
402 2875 513 2939 merito
530 2897 649 2959 poenas
667 2875 800 2940 subiere.
845 2876 901 2940 sed
918 2897 1001 2939 unus

171 2959 260 3022 miles
279 2969 346 3023 erat
361 2959 486 3035 Persei,
504 2982 561 3045 pro
579 2982 642 3044 quo
660 2961 736 3025 dum
752 2974 889 3046 pugnat,
906 2960 1081 3039 Aconteus,

172 3041 323 3129 Gorgone
341 3057 509 3129 conspecta
526 3068 602 3110 saxo
620 3047 778 3111 concrevit
795 3046 915 3109 oborto.

171 3149 265 3211 quem
282 3139 369 3194 ratus
387 3131 547 3215 Astyages
565 3131 737 3195 etiamnum
754 3132 875 3207 vivere,
891 3132 987 3215 longo

171 3236 244 3278 ense
262 3213 343 3278 ferit.
387 3215 491 3280 sonuit
508 3216 672 3280 tinnitibus
689 3217 773 3281 ensis
791 3217 901 3281 acutis.

103 3317 152 3366 205
170 3299 246 3362 dum
264 3309 368 3383 stupet
385 3300 560 3385 Astyages,
577 3311 723 3366 naturam
740 3302 835 3366 traxit
852 3301 999 3366 eandem:

170 3405 407 3468 marmoreoque
423 3397 531 3450 manet
548 3386 654 3449 vultus
672 3387 813 3451 mirantis
830 3387 863 3450 in
880 3409 944 3451 ore.

169 3469 298 3533 nomina
313 3471 410 3555 longa
427 3492 516 3535 mora
534 3482 581 3536 est
597 3472 702 3535 media
719 3473 758 3536 de
776 3472 867 3557 plebe
885 3472 1026 3536 virorum

169 3554 283 3618 dicare.
325 3555 375 3618 bis
393 3566 519 3620 contum
535 3556 696 3621 restabant
713 3578 845 3642 corpora
861 3580 1003 3643 pugnae:

171 3637 322 3723 Gorgone
339 3639 388 3703 bis
407 3651 533 3706 centum
549 3641 713 3725 riguerunt
731 3664 862 3728 corpora
879 3643 957 3707 vita

102 3745 153 3794 210
168 3725 307 3810 paenitet
323 3725 431 3789 iniusti
448 3737 525 3790 tunc
542 3727 677 3809 denique
698 3727 821 3792 Phinea
839 3728 922 3791 belli.

170 3809 226 3873 sed
244 3810 321 3893 quid
338 3811 431 3895 agat?
457 3811 624 3875 simulacra
641 3813 728 3877 videt
746 3813 869 3876 diversa
886 3812 997 3897 figuris

170 3894 375 3979 agnoscitque
393 3918 481 3972 suos,
500 3906 531 3960 et
548 3897 674 3962 nomine
692 3918 848 3982 quemque
865 3909 1014 3962 vocatum

168 3978 271 4065 poscit
287 4001 393 4065 opem,
411 3981 604 4064 credensque
622 4004 733 4067 parum
751 3982 811 4047 sibi
827 3983 972 4068 proxima
990 3985 1094 4071 tangit

169 4085 309 4155 corpora.
353 4088 490 4132 marmor
507 4077 604 4134 erant.
648 4068 809 4147 avertitur,
827 4078 921 4155 atque
938 4069 984 4134 ita
1001 4072 1137 4160 supplex
