2574 4478
226 283 593 341 METAMORPHOSEON
609 283 683 339 LIB.
701 282 765 340 XV.
785 281 930 340 581-668.
1025 264 1088 333 269

65 409 169 476 insula
186 409 360 473 Romuleae
379 408 474 472 sacris
496 406 641 473 asciverit
657 405 754 470 urbis.
1106 421 1155 473 625

65 497 134 561 dira
150 497 218 559 lues
236 494 396 577 quondam
413 493 523 557 Latias
540 492 706 556 vitiaverat
724 514 827 567 auras,

64 581 245 667 pallidaque
263 579 418 663 exsangui
435 577 623 661 squalebant
640 599 771 662 corpora
788 577 873 640 tabo.

64 665 229 731 funeribus
247 664 322 729 fessi
339 677 507 748 postquam
526 662 670 726 mortalia
688 673 820 726 cernunt

64 762 292 835 temptamenta
309 749 401 824 nihil,
419 749 497 812 nihil
516 759 598 812 artes
617 769 710 831 posse
728 747 921 824 medentum,

64 835 217 900 auxilium
236 834 369 898 caeleste
386 845 508 918 petunt.
552 834 751 916 mediamque
769 843 912 898 tenentes
942 888 946 895 .

64 921 149 985 orbis
167 920 300 983 humum
317 919 461 1002 Delphos
480 919 611 993 adeunt,
631 918 758 982 oracula
775 917 909 996 Phoebi,

64 1018 162 1088 utque
181 1004 343 1070 salutifera
359 1005 481 1068 miseris
500 1026 682 1068 succurrere
699 1005 794 1067 rebus

64 1103 147 1156 sorte
164 1090 239 1154 velit
256 1100 426 1172 tantaeque
443 1089 529 1152 urbis
548 1090 631 1152 mala
648 1089 749 1165 finiat,
769 1099 868 1152 orant.

64 1188 96 1241 et
112 1178 201 1239 locus
220 1185 251 1239 et
266 1175 375 1238 laurus
394 1184 439 1250 et,
458 1196 536 1257 quas
554 1174 651 1239 hahet
668 1174 745 1258 ipse,
763 1174 928 1258 pharetrae

63 1263 253 1325 intremuere
271 1260 379 1336 simul;
398 1261 582 1342 cortinaque
599 1259 736 1323 reddidit
752 1258 815 1323 imo

64 1347 146 1410 hanc
164 1345 260 1430 adyto
277 1366 389 1409 vocem
406 1344 636 1429 pavefactaque
677 1355 781 1408 ectora
799 1344 912 1407 movit:

64 1431 165 1514 ‘quod
181 1431 262 1515 petis
280 1429 367 1506 hinc,
385 1430 531 1515 propiore
549 1430 628 1505 loco,
647 1368 805 1503 Romane,
824 1429 970 1513 petissesz

65 1529 96 1581 et
113 1527 185 1600 pete
202 1537 287 1579 nunc
304 1516 451 1600 propiore
468 1516 548 1578 loce.
593 1536 651 1578 nec
669 1514 818 1598 Apolline
836 1514 936 1591 vobis,

65 1602 120 1685 qui
136 1601 257 1664 minuat
275 1601 392 1677 luctus,
410 1622 489 1685 opus
508 1611 569 1675 est,
588 1599 644 1664 sed
662 1600 811 1683 Apolline
828 1612 912 1663 nato.

64 1688 107 1751 ite
124 1686 215 1750 bonis
233 1684 359 1761 avibus,
377 1686 560 1770 prolemque
578 1685 725 1748 arcessite
743 1684 903 1748 nostram’

63 1772 152 1835 iussa
169 1771 219 1834 dei
237 1771 375 1855 prudens
393 1781 561 1855 postquam
580 1792 729 1854 accepere
748 1781 884 1846 senatus,

64 1878 161 1939 quam
179 1856 274 1932 colat,
293 1856 470 1941 explorant,
488 1857 611 1921 iuvenis
629 1856 809 1920 Phoebeius
827 1855 948 1932 urbem,

64 1942 182 2025 quique
200 1952 309 2025 petant
326 1941 427 2004 ventis
445 1940 620 2027 Epidauria
637 1941 742 2016 litora,
759 1940 897 2005 mittunt.

64 2048 146 2110 quae
165 2026 258 2089 simul
274 2025 406 2089 incurva
422 2026 510 2089 missi
527 2027 658 2110 tetigere
677 2026 792 2102 carina,

64 2111 232 2175 concilium
251 2108 429 2193 Graiosque
448 2124 552 2194 patres
571 2110 690 2187 adiere,
709 2110 892 2194 darentque,

63 2218 208 2271 oravere,
226 2195 335 2270 deum,
352 2196 408 2278 qui
425 2218 574 2280 praesens
592 2196 704 2260 funera
721 2196 824 2280 gentis

63 2281 152 2345 finiat
169 2280 347 2344 Ausoniae:
367 2292 467 2344 certas
485 2280 545 2344 hoc
563 2281 666 2345 dicere
685 2292 794 2345 sortes.

63 2366 193 2430 dissidet
212 2376 244 2430 et
261 2366 360 2430 variat
380 2365 546 2430 sententia:
565 2387 701 2450 parsque
718 2366 900 2450 negandum

62 2474 127 2516 non
144 2462 235 2536 putat
252 2450 419 2527 auxilium3
437 2450 527 2514 multi
544 2451 677 2516 retinere
695 2473 848 2534 suamque

62 2559 126 2599 non
144 2536 286 2600 emittere
304 2558 397 2621 opem
414 2558 473 2600 nec
489 2537 621 2600 numina
638 2537 761 2601 tradere
779 2537 922 2600 suadent.

63 2622 140 2685 dum
158 2621 317 2697 dubitant,
336 2644 438 2685 seram
455 2622 605 2706 pepulere
624 2623 808 2706 crepuscula
826 2623 939 2698 lucem,

62 2706 238 2789 umbraque
256 2706 375 2770 telluris
393 2706 539 2771 tenebras
556 2706 723 2770 induxerat
740 2707 823 2771 orbi:

62 2814 136 2855 cum
154 2791 232 2854 deus
250 2791 282 2854 in
300 2791 418 2854 somnis
436 2791 537 2876 opifer
555 2793 725 2857 consistere
742 2792 828 2856 visus

62 2886 135 2940 ante
153 2887 257 2953 tuum,
274 2875 432 2951 Romane,
450 2887 568 2953 torum,
586 2877 643 2941 sed
660 2877 761 2960 qualis
779 2877 812 2941 in
830 2878 908 2943 aede

62 2983 131 3025 esse
149 2961 241 3037 solet,
259 2961 470 3044 baculumque
488 2972 598 3026 tenens
616 2974 740 3047 agreste
759 2963 883 3028 sinistra

61 3045 234 3111 caesariem
250 3047 364 3131 longae
383 3046 494 3110 dextra
511 3047 666 3111 deducere
684 3048 802 3113 barbae

60 3142 93 3196 et
110 3130 234 3215 placido
252 3131 330 3196 tales
349 3131 490 3196 emittere
507 3142 633 3216 pectore
650 3154 758 3197 voces:

60 3223 158 3300 ‘pone
175 3227 293 3293 metus3
311 3217 451 3292 veniam,
469 3215 700 3300 simulacraque
718 3229 825 3282 nostra
842 3220 1027 3302 relinquam.

60 3300 146 3364 hunc
164 3300 258 3364 modo
277 3312 468 3386 serpentem,
486 3301 636 3366 baculum
654 3302 708 3386 qui
726 3304 859 3368 nexibus
878 3306 987 3382 ambit,

58 3385 202 3470 perspice
221 3397 252 3450 et
269 3408 369 3469 usque
386 3397 462 3450 nota
479 3387 563 3463 visu,
581 3398 618 3450 ut
634 3409 824 3473 cognoscere
841 3391 952 3473 possis.
1099 3412 1148 3461 660

59 3482 165 3534 vertar
181 3471 215 3533 in
232 3470 332 3548 hun03
351 3471 407 3535 sed
424 3472 524 3535 maior
542 3495 606 3549 erc,
624 3483 792 3556 tantusque
811 3474 952 3552 videbor,

58 3556 90 3618 in
109 3567 263 3638 quantum
281 3557 361 3620 verti
378 3557 525 3621 caelestia
542 3579 674 3643 corpora
692 3559 827 3624 debent.'

58 3640 218 3725 extemplo
236 3663 308 3704 cum
326 3663 404 3706 voce
422 3642 515 3719 deus,
533 3664 607 3707 cum
624 3665 702 3709 voce
721 3645 843 3728 deoque

57 3746 188 3789 somnus
206 3725 286 3802 abit,
304 3727 468 3809 somnique
486 3727 596 3813 fugam
614 3730 670 3793 lux
687 3731 771 3794 alma
788 3741 896 3796 secuta
914 3741 970 3797 est.

55 3821 184 3910 postera
201 3810 340 3876 sidereos
357 3834 471 3876 aurora
486 3812 653 3898 fugaverat
669 3815 775 3899 ignes:

55 3895 189 3996 mcerti,
200 3896 277 3978 quid
295 3907 405 3982 agant,
423 3919 568 3981 proceres
587 3899 628 3962 ad
645 3900 763 3984 templa
780 3901 869 3985 petiti

56 3993 249 4046 convomunt
266 4003 399 4067 operosa
417 3983 482 4060 dei,
499 4005 625 4067 quaque
642 3985 709 4070 ipse
727 4006 843 4051 moran

55 4065 131 4136 sede
149 4065 239 4146 velit,
257 4066 357 4157 signis
374 4069 561 4137 caelestibus
577 4069 708 4151 iudicet,
726 4081 826 4140 orant
