2574 4478
220 356 588 421 uurauonruosuou
606 363 679 419 nra.
698 364 777 420 xiv.
796 364 942 421 aso-rar.
1029 344 1092 415 245

67 487 190 554 lumina
207 487 353 553 viderunt
371 487 496 574 inopem
516 487 681 570 somnique
699 487 825 572 cibique

66 596 124 661 per
140 575 231 660 iuga,
249 574 435 658 pervadas,
454 594 518 657 qua
534 574 600 638 fors
618 574 769 650 ducebat,
787 584 925 639 euntem.
1110 590 1160 640 425

67 660 197 725 ultimus
208 660 332 760 aspexit
339 660 480 745 Thybris
489 658 640 742 luctuque
657 659 773 742 viaque

70 745 191 809 fessam
208 757 312 809 etiam
323 745 429 830 gelida
445 757 616 830 ponentem
633 766 765 830 corpora
782 745 860 830 ripa.

66 830 131 896 illic
148 852 221 894 cum
238 830 376 894 lacrimis
393 829 462 915 ipso
480 831 643 895 modulata
660 830 768 895 dolore

66 916 164 982 verba
182 937 259 980 sono
276 915 364 980 tenui
381 937 524 981 maerens
542 914 710 992 fundebat,
729 926 765 980 ut
782 915 857 980 olim

67 1000 208 1066 carmina
224 1001 287 1064 iam
305 999 441 1065 moriens
459 1002 543 1065 canit
561 1001 737 1084 exequialia
755 1022 883 1086 cycnus.

65 1087 204 1152 luctibus
222 1085 370 1151 extremis
387 1096 498 1152 tenues
515 1086 686 1171 liquefacta
702 1086 856 1151 medullas

66 1171 169 1236 tabuit
185 1171 281 1254 inque
298 1172 385 1236 leves
403 1172 555 1256 paulatim
573 1172 701 1237 evanuit
719 1195 822 1236 auras.

66 1259 153 1322 fama
170 1268 277 1322 tamen
295 1257 419 1342 signata
436 1259 505 1322 loco
523 1268 584 1333 est,
603 1279 697 1340 quern
715 1259 773 1322 rite
792 1255 969 1323 Canentem

69 1341 197 1407 nomine
215 1342 254 1408 de
272 1342 431 1427 nymphae
447 1354 569 1408 veteres
587 1342 694 1408 dixere
713 1340 903 1408 Camenae.'’

65 1429 140 1493 talia
156 1427 257 1492 multa
274 1427 352 1491 mihi
368 1428 500 1513 longum
517 1441 643 1492 narrata
660 1451 717 1514 per
734 1451 853 1492 annum

66 1515 197 1597 visaque
215 1524 297 1577 sunt.
341 1513 460 1579 resides
479 1523 509 1579 et
527 1513 735 1579 desuetudine
753 1514 834 1578 tardi
910 1518 913 1523 ’

65 1621 175 1664 mrsus
192 1597 271 1664 inire
288 1597 420 1676 fretum,
438 1621 547 1664 rursus
566 1599 641 1665 dare
660 1600 731 1664 vela
747 1599 903 1665 iubemur.

65 1684 281 1770 ancipitesque
299 1685 366 1748 vias
385 1695 416 1750 et
433 1684 493 1749 iter
509 1685 637 1750 Titania
654 1696 779 1749 vastum

66 1771 187 1835 dixerat
204 1780 237 1835 et
253 1769 340 1834 saevi
356 1781 473 1835 restare
491 1770 631 1855 pericula
648 1771 746 1856 ponti.

64 1855 227 1942 pertimui,
245 1856 360 1920 fateorr
378 1867 554 1939 nactusque
571 1856 632 1921 hoc
649 1856 724 1921 litus
743 1855 892 1922 adhaesi?

106 1940 250 2006 Finierat
266 1941 446 2007 Macareus.
490 1962 633 2025 urnaque
649 1941 774 2007 Aeneia
790 1941 898 2006 nutrix

65 2026 192 2092 condita
209 2048 385 2091 marmorea
402 2027 524 2091 tumulo
542 2027 639 2092 breve
657 2049 783 2092 carmen
801 2026 953 2094 habebat:

66 2110 202 2177 ‘hicme
220 2109 365 2176 Caietam
382 2123 475 2176 notae
516 2111 619 2177 ietatis
636 2111 783 2177 alumnus

65 2208 205 2282 ereptam
222 2197 390 2282 Argolico,
408 2219 471 2281 quo
489 2134 613 2275 debuit,
629 2197 705 2284 igne
723 2197 893 2264 cremavit?

65 2283 198 2348 solvitur
214 2282 349 2348 herboso
366 2284 518 2348 relicatas
535 2283 577 2348 ab
594 2305 712 2370 aggere
729 2283 825 2360 funis,

65 2380 97 2434 et
112 2369 224 2454 procul
242 2367 371 2433 insidias
388 2339 622 2453 infamataeque
638 2369 821 2452 relinquunt

63 2465 149 2519 tecta
166 2453 244 2518 deae
260 2454 413 2538 lucosque
430 2465 556 2541 petunt,
573 2453 631 2518 ubi
646 2455 775 2519 nubilus
794 2453 907 2519 umbra

63 2540 97 2604 in
114 2561 202 2604 mare
221 2560 294 2603 cum
312 2539 395 2605 flava
410 2539 589 2626 prorumpit
606 2539 745 2624 Thybris
763 2540 895 2617 harena3

63 2623 334 2709 Faunigenaeque
352 2625 447 2689 domo
464 2625 582 2710 potitur
599 2636 735 2710 nataque
752 2625 872 2701 Latini,

62 2731 128 2775 non
146 2709 213 2775 sine
230 2710 337 2775 Marte
354 2721 470 2776 tamen.
513 2711 633 2776 bellum
651 2733 725 2777 cum
741 2723 837 2797 gente
855 2711 954 2776 feroci

63 2794 245 2880 suscipitur,
262 2808 418 2881 pactaque
435 2795 513 2861 furit
529 2818 587 2883 pro
605 2798 739 2882 coniuge
756 2798 895 2861 Turnus.

63 2881 223 2947 concurrit
239 2880 335 2946 Latio
353 2882 531 2966 Tyrrhenia
545 2892 627 2960 tota,
647 2882 764 2965 diuque

62 2966 164 3032 ardua
181 2965 321 3032 sollicitis
339 2967 469 3031 victoria
486 2967 648 3050 quaeritur
664 2969 769 3032 armis.

62 3062 161 3139 auget
178 3063 311 3135 uterque
329 3075 402 3117 suas
421 3064 550 3118 externo
568 3053 681 3118 robore
698 3053 796 3131 vires3

61 3149 95 3205 et
111 3136 204 3202 multi
220 3136 371 3213 Rutulos,
389 3138 480 3202 multi
496 3137 634 3203 Troiana
651 3150 781 3203 tuentur
1105 3160 1155 3210 455

61 3235 176 3290 castra.
219 3244 323 3306 neque
340 3225 469 3288 Aeneas
486 3222 630 3288 Euandri
648 3224 689 3288 ad
706 3224 831 3288 moenia
848 3224 975 3301 frustra,

60 3320 94 3375 at
111 3308 258 3375 Venulus
276 3330 424 3393 magnam
442 3308 570 3394 profugi
588 3308 754 3374 Diomedis
772 3310 814 3373 ad
831 3311 943 3374 urbem
1011 3310 1155 3392 (ὒῑθπῖςᾶῑθ

60 3404 202 3461 venerat.
245 3393 298 3458 ille
316 3394 445 3477 quidem
463 3395 523 3458 sub
540 3395 662 3480 iapyge
680 3395 819 3458 maxima
836 3394 954 3459 Dauno
1043 3382 1126 3446 8οΜ·)

59 3479 188 3545 moenia
206 3479 389 3544 condiderat
406 3480 585 3564 dotaliaque
603 3503 680 3545 arva
697 3481 833 3545 tenebat.

59 3566 117 3631 sed
136 3564 283 3630 Venulus
301 3564 402 3629 Turni
420 3577 587 3650 postquam
605 3566 755 3630 mandata
771 3565 894 3650 peregit
1103 3588 1154 3637 460

59 3650 278 3735 auxiliumque
295 3651 388 3735 petit,
407 3651 488 3715 vires
506 3650 652 3716 Aetolius
669 3651 762 3716 heros

58 3747 207 3812 excusat3
224 3757 284 3801 nec
302 3758 336 3800 se
354 3746 409 3800 aut
427 3735 526 3800 soceri
545 3735 740 3802 committere
757 3759 885 3822 pugnae

58 3821 142 3888 velle
160 3820 209 3886 sui
226 3821 378 3906 populos,
397 3832 451 3887 aut
469 3842 548 3904 quos
567 3843 584 3885 e
601 3834 697 3907 gente
715 3844 844 3886 suorum

57 3916 175 3984 armet,
193 3906 311 3972 habere
328 3905 422 3972 viros.
467 3914 561 3972 ‘neve
579 3906 657 3973 haec
676 3919 853 3974 commenta
870 3907 998 3994 putetis,

57 3990 223 4058 admonitu
240 4013 433 4077 quamquam
451 4003 619 4057 renovetur
636 3994 741 4058 luctus
759 4016 895 4071 amarus,
1100 4016 1150 4067 465

99 4077 220 4165 rpetiar
235 4099 410 4144 memorare
428 4090 544 4144 tamen.
588 4092 756 4163 postquam
775 4081 838 4144 alta
856 4093 992 4151 cremata
1010 4094 1057 4151 est

87 4162 152 4241 'oa
169 4173 203 4234 et
218 4162 351 4232 Danaas
367 4176 525 4254 paverunt
540 4163 701 4255 Pergama
717 4166 873 4245 flammas,
