2574 4478
207 244 574 304 METAMORPHOSEON
590 247 662 302 LIB.
682 245 761 302 VIII.
779 245 924 301 274-362,
1015 229 1075 297 133

53 368 151 436 ιιὶιιίι
168 383 236 434 ιιιι
253 393 311 433 srm
335 371 402 447 lex,
421 370 539 433 nodum
558 370 669 435 collect
656 379 707 433 tus
725 367 758 431 in
775 391 889 446 unum3

54 481 95 522 ex
113 477 225 520 umero
242 393 382 540 pendens
399 456 567 519 resonabat
585 456 723 519 eburnea
739 454 830 517 laevo
1094 472 1144 522 320

53 543 191 606 telorum
209 552 277 605 cust
279 562 328 604 os:
347 562 455 604 arcum
473 561 599 623 quoque
617 541 708 605 laeva
725 538 864 604 tteneba

53 627 127 691 talis
146 636 213 691 erat
231 625 326 690 cultu
370 625 481 701 facies,
500 647 596 709 quam
614 625 718 689 dicere
736 646 809 688 vere

54 712 231 810 virgineam
249 710 282 775 in
299 733 409 796 puero,
426 710 605 860 puerilem
596 734 629 774 m
647 710 768 794 virgine
786 711 897 794 possis.

54 798 138 864 hanc
155 796 272 897 pariter
288 796 367 860 vidit
354 797 481 880 t‚parit
482 819 516 861 er
534 793 730 880 Calydonius
747 794 840 860 heros

55 883 193 968 optavit,
211 892 361 946 renuente
380 881 449 958 deo,
466 882 672 964 flammasque
690 881 823 944 latentes

54 968 161 1032 hausit
178 978 210 1032 ιι
228 967 369 1043 ‘ofelix‚
388 967 414 1031 si
432 988 533 1066 quem·
545 965 740 1051 dignabitur'
759 965 861 1049 inquit

55 1055 133 1118 ‘ista
149 1051 280 1117 viruml'
324 1074 383 1117 nec
399 1053 515 1152 plura
509 1051 581 1116 sinit
598 1065 785 1152 tempusque
803 1051 967 1135 pudorque

55 1139 175 1204 dicere:
193 1138 294 1202 maius
312 1160 391 1222 opus
410 1136 517 1222 magni
535 1137 715 1202 certaminis
732 1148 834 1221 urget.

99 1224 190 1289 Silva
207 1224 355 1306 frequens
372 1222 530 1301 trabibus,
548 1245 646 1323 quam
662 1222 750 1286 nulla
767 1221 923 1287 ceciderat
910 1232 1027 1288 tasate

55 1309 167 1394 incipit
184 1332 203 1372 a
220 1309 314 1394 plano
332 1309 517 1409 devexaque
534 1308 696 1407 prospicit
700 1330 786 1372 ιιιι

56 1416 120 1478 quo
138 1405 307 1479 postquam
324 1417 439 1459 venere
456 1393 529 1470 viri,
547 1416 621 1478 pars
638 1393 717 1458 retia
734 1394 877 1469 tendunt,

56 1480 184 1544 vincula
200 1501 274 1563 pars
292 1480 435 1543 adimunt
453 1478 598 1556 canibus,
616 1501 690 1564 pars
708 1501 818 1563 pressa
835 1491 1009 1562 sequuntur

56 1566 149 1650 signa
167 1565 299 1648 pedum,
317 1566 512 1650 cupiuntque
530 1587 624 1629 suum
640 1564 777 1649 reperire
794 1565 957 1649 periclum

56 1672 198 1715 concava
215 1651 305 1714 vallis
322 1661 403 1726 erat,
422 1672 486 1733 quo
504 1673 538 1715 se
555 1650 762 1715 demittere
737 1651 797 1714 nvi

56 1747 222 1801 assuerant
238 1735 385 1820 pluvialis
403 1757 514 1819 aquae.
558 1746 642 1800 tenet
659 1736 723 1799 ima
739 1736 873 1800 lacunae

54 1822 142 1887 lenta
159 1820 239 1885 salix
256 1821 412 1904 ulvaeque
429 1820 541 1886 leves
531 1821 679 1903 iuncique
696 1821 852 1906 palustres

55 1905 238 1990 viminaque
256 1917 288 1970 et
302 1907 401 2007 longa
417 1929 534 1992 parvae
552 1907 611 1970 sub
629 1907 804 1971 harundine
824 1930 952 1973 cannae.

55 1993 131 2057 hinc
149 2014 225 2076 aper
242 1992 325 2057 excit
325 2015 364 2056 us
313 1993 502 2057 tmedios
519 1992 702 2056 violentus
693 2015 727 2056 m
744 1991 851 2058 hostes

55 2080 168 2154 fertur,
185 2087 221 2140 ut
238 2077 379 2142 excussis
396 2077 464 2142 elisi
481 2076 645 2141 nubibus
636 2100 736 2162 1gnes

57 2162 207 2229 sternitur
223 2162 352 2227 incursu
369 2185 494 2239 nemus,
514 2174 545 2227 et
562 2164 713 2248 propulsa
730 2163 889 2248 fragorem

56 2250 137 2315 silva
155 2249 219 2312 dat.
263 2248 440 2313 exclamant
456 2249 601 2325 iuvenes,
618 2258 845 2333 praetentaque
863 2249 936 2314 forti

56 2335 121 2400 tela
138 2344 244 2398 tenent
263 2333 374 2398 dextra
390 2335 455 2398 lato
472 2333 630 2397 vibrantia
647 2333 741 2398 ferro.

55 2420 109 2486 ille
126 2419 190 2483 ruit
207 2420 390 2504 spargitque
407 2440 515 2494 canes,
532 2430 568 2483 ut
585 2420 719 2501 quisque
736 2419 853 2484 furenti

56 2506 226 2582 obstat‚t
194 2515 226 2568 et
243 2504 372 2588 obliquo
388 2506 434 2569 lat
421 2515 504 2569 ttran
505 2527 538 2568 es
556 2504 768 2589 dissipatu
703 2515 778 2569 retu

57 2590 163 2675 cuspis
180 2589 335 2653 Echionio
353 2590 490 2674 primum
508 2601 650 2655 contorta
666 2590 784 2654 lacerto

56 2699 146 2775 vana·
158 2674 232 2751 fuit,
250 2686 440 2776 truncoque
442 2675 529 2740 dedit
544 2676 615 2740 leve
633 2677 747 2739 vulnus
765 2697 889 2742 acerno.

55 2760 215 2848 proxima,
234 2759 260 2823 si
277 2760 381 2825 nimiis
398 2761 550 2825 mittentis
567 2761 687 2824 viribus
704 2784 763 2825 usa

55 2869 121 2912 non
137 2845 260 2921 foret,
208 2857 285 2909 tm
301 2856 391 2930 tergo
409 2847 478 2911 visa
495 2858 542 2911 est
559 2846 695 2912 haesura
711 2847 823 2931 petito:

54 2932 141 3017 long
132 2954 182 2995 rus
199 2931 232 2995 it
277 2942 387 2996 auctor
402 2932 456 2996 teli
473 2931 658 3032 Pagasaeus
676 2934 781 2996 lason

56 2956 222 3092 ‘Phoeba’
241 3017 284 3080 ait
300 3016 523 3116 Ampycides‘
529 3017 555 3080 si
572 3028 603 3081 ιι
621 3018 767 3117 coluique
785 3020 927 3103 coloque,

56 3105 97 3168 da
114 3101 194 3166 mihi
211 3101 295 3201 quod
312 3103 391 3186 petit
391 3125 430 3165 ur
447 3113 532 3166 certo
551 3102 733 3188 contingere
750 3104 842 3169 telol’

55 3211 121 3272 qua
137 3187 254 3288 potuit,
271 3187 418 3272 precibus
437 3187 515 3266 deus
532 3187 651 3252 adnuit
694 3189 775 3253 ictus
794 3191 906 3254 abillo
925 3202 982 3269 est,

56 3274 156 3338 sed
131 3294 199 3337 sme
216 3273 356 3349 vulnere,
375 3295 464 3357 aper:
483 3274 603 3338 ferrum
620 3272 728 3337 Diana
746 3276 864 3339 volanti

56 3359 230 3423 abstulerat
245 3358 363 3434 iaculo;
380 3359 545 3444 lignum
521 3382 587 3423 ιιιιι
605 3360 750 3424 acumine
768 3361 863 3425 venit.

55 3445 102 3509 ira
120 3443 180 3508 feri
197 3453 283 3507 mota
300 3453 347 3507 est
349 3466 422 3522 ,nec
439 3444 572 3510 fulmine
589 3444 691 3509 lenius
709 3446 798 3509 arsit·

55 3530 172 3596 emieat
188 3550 228 3592 ex
245 3529 358 3605 oeulis,
377 3529 475 3614 spirat
492 3551 618 3613 quoque
636 3542 763 3615 pectore
781 3533 918 3596 flamma.

55 3627 155 3698 utque
173 3615 259 3678 volat
276 3577 374 3679 mole's
392 3616 527 3679 adducto
546 3617 669 3680 concita
685 3638 793 3692 nervo,

55 3723 129 3801 cum
147 3699 227 3784 petit
244 3710 298 3764 aut
314 3721 421 3764 muros
439 3712 494 3763 aut
510 3701 620 3785 plenas
638 3701 737 3768 milite
754 3714 866 3780 turres,

54 3786 87 3850 in
104 3785 237 3849 iuvenes
261 3795 344 3850 certo
362 3785 407 3849 sic
423 3785 521 3870 impet
522 3809 540 3850 e
509 3787 724 3851 tvulnificus
741 3810 795 3851 sus

53 3873 216 3945 fertur‚t
183 3880 216 3934 et
235 3869 431 3955 Hippalmon
447 3871 687 3971 Pelagonaque‚
705 3873 846 3938 dextrat
833 3885 957 3940 ttesuen

54 3978 188 4033 cornua,
206 3957 381 4055 prosternit.
425 3956 502 4019 socii
518 3980 650 4041 rapuere
667 3959 814 4023 iacentes

54 4053 88 4107 at
103 4063 170 4107 non
186 4040 324 4106 letiferos
343 4041 455 4128 effugit
472 4041 685 4109 Enaesimus
676 4058 756 4110 lctus
