2574 4478
260 237 628 296 METAMORPHOSEON
643 238 716 294 LIB.
734 240 812 297 XIV.
832 240 975 298 556-643.
1067 228 1129 294 249
1187 290 1194 305 ,

106 359 192 428 hunc
208 361 297 429 iubet
313 365 445 430 Aeneae
463 384 681 448 quaecumque
699 363 836 429 obnoxia
853 365 947 429 morti
1148 384 1197 434 ooo

106 449 236 514 abluere
253 462 285 514 et
302 451 397 515 tacito
416 450 539 516 deferre
556 450 616 514 sub
634 470 772 532 aequora
789 471 894 514 cursu.

106 534 252 620 corniger
269 536 436 620 exequitur
452 537 586 602 Veneris
604 535 768 611 mandata,
786 534 924 619 suisque,

105 619 259 705 quioquid
277 621 311 686 in
328 623 441 687 Aenea
457 622 560 687 fuerat
577 621 723 697 mortale,
741 631 893 722 repurgat

106 716 138 768 et
154 707 309 792 respergit
327 707 428 791 aquis.
472 731 545 792 pars
564 706 684 792 optima
699 706 812 772 restitit
833 707 888 771 illr.

104 789 273 856 lustratum
289 793 435 878 genetrix
453 793 559 858 divino
576 814 691 878 corpus
709 792 805 856 odore

104 875 197 938 unxit
214 889 245 942 et
262 878 421 941 ambrosia
438 899 511 942 cum
529 878 614 943 dulci
631 889 757 943 nectare
774 878 874 942 mixta

105 960 237 1046 contigit
254 983 289 1026 os
306 962 446 1046 fecitque
464 963 568 1028 deum.
613 985 708 1047 quem
726 963 819 1027 turba
836 961 964 1045 Quirini

103 1056 267 1130 nuncupat
282 1047 462 1133 Indigetem
479 1050 660 1134 temploque
678 1048 802 1131 arisque
819 1050 948 1134 recepit.

146 1130 227 1196 Inde
246 1132 305 1197 sub
322 1133 455 1198 Ascanii
473 1134 596 1199 dicione
614 1133 782 1198 binominis
799 1133 888 1197 Alba
1041 1133 1161 1186 Pomona
1173 1143 1196 1188 et

103 1237 218 1299 resque
235 1215 353 1282 Latina
370 1219 440 1282 fuit.
484 1219 624 1284 succedit
642 1217 761 1284 Silvius
778 1219 838 1282 illi:
1034 1200 1083 1254 Ver
1084 1211 1194 1256 tamnus.

103 1321 167 1383 quo
185 1312 272 1367 satus
290 1303 420 1387 antiquo
437 1305 538 1369 tenuit
554 1305 688 1388 repetita
705 1302 841 1367 Latinus
1146 1326 1194 1376 611

102 1387 232 1451 nomina
249 1409 322 1452 cum
340 1399 475 1472 sceptro.
519 1390 622 1454 clarus
640 1389 727 1453 subit
743 1388 830 1453 Alba
847 1387 1010 1453 Latinum.

101 1471 248 1553 Aepytus
266 1492 306 1532 ex
323 1470 377 1533 illo
396 1481 453 1534 est.
497 1471 670 1554 posthunc
689 1469 895 1555 Capetusque
913 1471 1096 1556 Capysque,

101 1557 158 1621 sed
177 1554 285 1642 Capys
303 1569 390 1634 ante,
408 1557 478 1622 fuit.
521 1579 656 1642 regnum
673 1555 844 1620 Tiberinus
862 1556 902 1619 ab
920 1556 981 1621 illis

101 1643 199 1726 oepit,
217 1654 248 1707 et
265 1643 297 1706 in
315 1643 413 1707 Tusci
431 1642 592 1707 demersus
610 1641 748 1707 fluminis
766 1641 859 1705 undis
1143 1662 1192 1711 615

99 1728 228 1791 nomina
245 1728 321 1793 fecit
338 1749 450 1810 aquae.
494 1727 615 1810 dequo
633 1726 852 1810 Remulusque
870 1725 1023 1810 feroxque

99 1813 222 1877 Acrota
239 1824 313 1877 sunt
330 1812 439 1897 geniti.
482 1813 637 1878 Remulus
655 1813 808 1876 maturior
824 1811 914 1875 anuis

99 1898 252 1964 fulmineo
270 1899 377 1984 periit,
394 1897 533 1963 imitator
550 1898 705 1973 fulminis,
724 1898 799 1963 ictu.

99 1983 197 2048 fratre
214 2006 272 2047 suo
290 1994 449 2068 sceptrum
467 1984 657 2048 moderatior
674 1984 795 2047 Acrota
812 1981 886 2046 forti

99 2069 196 2132 tradit
212 2069 384 2133 Aventino.
428 2069 494 2153 qui,
512 2090 576 2152 quo
594 2079 755 2153 regnarat,
775 2067 887 2131 eodem
1143 2090 1194 2139 620

100 2164 207 2218 monte
224 2153 306 2218 iacet
327 2154 449 2239 positus
467 2153 638 2236 tribuitque
656 2153 812 2217 vocabula
829 2151 938 2216 monti.

98 2239 225 2322 iamque
242 2239 407 2304 Palatinae
424 2262 581 2303 summam
598 2239 702 2302 Proca
719 2237 823 2323 gentis
842 2237 989 2304 habebat.

98 2347 175 2409 rege
193 2325 252 2389 sub
270 2324 331 2388 hoc
348 2325 494 2389 Pomone
510 2324 587 2400 fuit,
606 2345 669 2406 qua
686 2324 773 2387 nulla
791 2322 923 2386 Latinas

98 2409 182 2474 inter
198 2410 442 2495 Hamadryadas
461 2409 558 2474 coluit
574 2410 729 2473 sollertius
747 2409 865 2485 hortos,

98 2517 159 2560 nec
176 2495 237 2560 fuit
254 2495 378 2560 arborei
395 2495 565 2560 studiosior
583 2495 681 2559 altera
697 2495 797 2558 fetus:

97 2581 184 2646 unde
202 2590 288 2645 tenet
305 2602 430 2645 nomen.
474 2603 539 2644 non
556 2579 651 2644 silvas
669 2579 723 2643 illa
740 2601 798 2643 nec
816 2601 935 2655 amnes,

97 2689 153 2730 rus
171 2678 257 2730 amat
275 2676 305 2730 et
322 2688 427 2730 ramos
445 2665 550 2731 felicia
566 2687 661 2750 poma
678 2664 825 2730 ferentes.

97 2773 159 2815 nec
176 2751 279 2815 iaculo
296 2753 403 2836 gravis
421 2763 483 2828 est,
501 2750 558 2816 sed
576 2750 700 2814 adunca
717 2750 848 2814 dextera
864 2749 956 2826 falce,

97 2859 163 2920 qua
180 2837 275 2900 modo
293 2837 450 2901 luxuriem
467 2835 581 2921 premit
598 2847 630 2900 et
647 2835 814 2920 spatiantia
829 2834 952 2935 passim

97 2921 247 2986 bracchia
265 2922 451 3006 compescit,
469 2921 543 2986 fisso
561 2921 655 2985 modo
674 2921 789 2984 cortice
807 2942 930 3006 vrrgam
1141 2939 1193 2990 630

97 3007 209 3071 inserit
226 3017 258 3070 et
275 3028 368 3070 sucos
386 3007 489 3071 alieno
506 3016 646 3091 praestat
664 3007 801 3070 alumno.

96 3113 159 3156 nec
176 3091 291 3156 sentire
310 3091 394 3155 sitim
410 3090 529 3175 patitur
546 3091 737 3174 bibulaeque
756 3113 903 3155 recurvas

96 3175 213 3242 radicis
231 3175 326 3240 fibras
344 3176 524 3241 labentibus
540 3176 651 3261 irrigat
668 3176 771 3240 undis.

96 3262 151 3327 hic
168 3283 266 3337 amor,
286 3261 346 3325 hoc
365 3262 517 3337 studium3
535 3262 671 3327 Veneris
689 3283 816 3346 quoque
834 3262 922 3326 nulla
939 3261 1055 3348 cupido
1074 3272 1131 3327 est.

96 3347 164 3412 vim
182 3358 288 3411 tamen
305 3359 467 3431 agrestum
484 3357 628 3411 metuens
646 3348 787 3432 pomaria
805 3347 924 3412 claudit
1140 3365 1190 3416 685

96 3433 199 3507 intus,
219 3443 250 3496 et
268 3453 414 3496 accessus
432 3432 579 3516 prohibet
595 3433 776 3518 refugitque
794 3433 909 3498 viriles.

96 3517 177 3601 quid
194 3538 258 3580 non
276 3529 308 3581 et
326 3515 447 3601 Satyri,
466 3517 630 3581 saltatibus
653 3529 726 3603 apta
742 3519 900 3595 iuventus,

96 3604 203 3668 fecere
221 3614 253 3667 et
269 3602 346 3687 pinu
363 3601 535 3687 praecincti
553 3623 672 3666 cornua
689 3603 795 3668 Panes

98 3687 328 3770 Silvanusque,
346 3687 412 3751 suis
430 3709 554 3773 semper
569 3687 737 3752 iuvenilior
754 3688 854 3765 annis,

97 3773 217 3857 quique
235 3773 314 3836 deus
331 3771 417 3838 fures
435 3773 487 3837 vel
503 3773 585 3838 falce
603 3773 654 3837 vel
672 3773 802 3858 inguine
820 3785 925 3851 terret,
1140 3793 1190 3842 640

96 3868 135 3923 ut
152 3867 335 3943 poterentur
353 3858 408 3923 ea?
436 3857 491 3922 sed
509 3858 594 3922 enim
611 3859 781 3943 superabat
799 3859 933 3923 amando

96 3943 156 4008 hos
174 3963 301 4027 quoque
318 3944 528 4009 Vertumnusz
546 3964 649 4026 neque
667 3954 735 4007 eret
751 3942 872 4010 felicior
888 3945 960 4011 illia

97 4051 118 4093 o
135 4028 282 4112 quotiens
300 4026 411 4094 babitu
429 4029 500 4093 duri
517 4028 664 4094 messoris
682 4028 794 4096 aristas
