2574 4478
220 289 588 349 METAMORPHOSEON
604 291 676 345 LIB.
695 288 760 348 VII.
780 289 923 347 tor-789.
1021 274 1081 340 123

57 416 224 483 montibus
242 416 380 492 errabat,
398 414 509 479 studiis
527 426 656 500 operata
672 413 807 478 Dianae.

56 515 129 568 tum
146 502 227 566 mihi
243 501 368 566 deserto
386 500 551 566 violentior
567 498 650 584 ignis
668 499 708 562 ad
726 521 799 563 ossa

58 587 216 675 pervenit.
260 580 389 650 orabam
406 586 531 650 veniam
549 595 581 649 et
598 605 745 670 peccasse
762 583 895 661 fatebar,

59 686 91 740 et
109 673 251 759 potuisse
268 671 349 736 datis
367 671 462 735 simili
479 670 684 735 succumbere
702 670 813 754 culpae

58 782 113 824 me
130 778 257 842 quoque
275 756 473 831 muneribus,
492 756 518 819 si
535 777 667 819 munera
684 765 772 818 tanta
789 755 948 820 darentur.

58 845 142 908 haec
157 843 235 906 mihi
255 842 407 920 confesso,
418 841 540 905 laesum
556 842 644 926 prius
661 841 727 904 ulta
745 840 908 925 pudorem,

59 928 205 995 redditur
222 938 253 993 et
270 927 377 992 dulces
396 926 591 991 concorditer
608 926 706 1010 exigit
722 947 831 989 annos.
1012 998 1017 1011 ⁶

61 1015 117 1078 dat
135 1013 212 1076 mihi
228 1023 406 1098 praeterea,
419 1024 582 1096 tamquam
592 1034 625 1076 se
643 1033 741 1096 parva
758 1011 895 1076 dedisset

61 1100 161 1174 dona,
180 1120 291 1162 canem
307 1119 438 1161 munus:
456 1118 551 1180 quem
569 1118 642 1160 cum
660 1119 718 1160 sua
735 1096 871 1162 traderet
887 1096 933 1162 illi

61 1182 218 1269 Cynthia,
237 1183 416 1246 “currendo
434 1182 618 1266 superabit’'
636 1182 758 1245 dixerat
775 1181 939 1248 “omnes”

61 1269 119 1334 dat
135 1268 229 1331 simul
246 1279 277 1331 et
294 1267 447 1342 iaculum,
464 1266 610 1331 manibus
628 1267 713 1351 quod
731 1265 862 1353 (cernis)
879 1268 1042 1334 hebemus.

59 1353 201 1418 muneris
219 1352 347 1416 alterius
365 1373 447 1435 quae
464 1352 505 1416 sit
522 1352 656 1428 fortuna,
664 1352 814 1434 requiris?

60 1438 130 1504 acci
153 1461 181 1503 e.
224 1437 358 1501 mirandi
375 1437 514 1502 novitate
531 1436 698 1502 movebere
716 1437 801 1502 facti.

135 1523 258 1587 armins
274 1522 412 1587 Laiades
429 1544 493 1586 non
511 1523 669 1587 intellecta
685 1522 827 1606 priorum

60 1609 199 1674 solverat
216 1606 365 1693 ingeniis,
384 1619 416 1672 et
432 1608 637 1693 praecipitata
653 1607 777 1672 iacebat

58 1695 227 1759 immemor
243 1693 416 1777 ambagum
433 1703 520 1757 vates
538 1691 672 1756 obscura
689 1715 828 1758 suarum.

58 1778 204 1865 protinus
221 1778 336 1842 Aoniis
353 1778 530 1841 immittitur
547 1777 645 1842 altera
662 1777 781 1842 Thebis

58 1864 174 1950 pestis,
192 1874 224 1929 et
241 1864 336 1928 exitio
353 1863 444 1928 multi
461 1884 674 1948 pecorumque
692 1885 813 1947 suoque

58 1950 229 2035 rurigenae
246 1971 361 2034 pavere
379 1949 489 2013 feram.
533 1948 636 2012 vicina
652 1949 799 2013 iuventus

59 2035 205 2100 venimus
224 2046 255 2098 et
272 2035 351 2099 latos
368 2033 518 2118 indagine
536 2033 691 2099 cinximus
709 2056 812 2119 agros.

58 2120 114 2185 illa
130 2119 195 2185 levi
212 2120 305 2184 velox
322 2141 359 2182 sn
383 2119 492 2184 orabat
508 2119 587 2185 retia
604 2120 686 2184 saltu

59 2226 248 2287 summaque
266 2143 420 2268 transibat
436 2203 608 2288 positarum
625 2206 690 2269 lina
706 2205 883 2291 plagarum.

59 2311 96 2356 co

60 2399 77 2442 e

77 2289 175 2440 flp’ula
191 2289 367 2353 detrahitur
383 2288 527 2365 canibus,
545 2312 624 2372 quas
641 2290 696 2353 illa
713 2301 878 2373 sequentes

124 2375 174 2461 git
191 2385 224 2438 et
241 2374 334 2438 celeri
351 2395 415 2438 non
433 2375 559 2460 segnior
576 2375 648 2439 alite
666 2375 755 2439 ludit.

10 2474 22 2509 '·
59 2481 174 2546 poscor
190 2469 222 2525 et
238 2459 307 2544 ipse
323 2481 430 2524 meum
447 2481 601 2526 consensu
619 2459 762 2545 Laelapa
777 2482 909 2545 magno:

59 2545 199 2610 muneris
217 2544 277 2609 hoc
294 2566 419 2610 nomen.
462 2545 648 2610 iamdudum
666 2544 792 2610 vincula
807 2558 930 2631 pugnat

59 2653 177 2696 exuere
193 2629 262 2715 ipse
279 2629 354 2706 sibi,
371 2632 515 2716 colloque
531 2631 685 2695 morantia
701 2631 811 2696 tendit.

59 2716 112 2781 vix
129 2715 213 2781 bene
230 2716 345 2780 missus
362 2726 443 2793 erat,
460 2738 519 2782 nec
536 2717 600 2781 iam
617 2727 812 2802 poteramus,
830 2717 886 2781 ubi
904 2729 996 2797 esset,

58 2802 149 2868 scire.
192 2801 310 2886 pedum
328 2801 448 2866 calidus
465 2802 597 2888 vestigia
614 2802 718 2887 pulvis
735 2802 887 2867 habebat:

58 2887 127 2973 ipse
144 2885 245 2951 oculis
263 2897 390 2972 ereptus
407 2897 483 2951 erat.
525 2908 590 2952 non
607 2888 692 2952 ocior
707 2888 760 2952 illo

58 2973 151 3038 hasta
167 2993 227 3036 nec
244 2994 395 3037 excussae
413 2983 554 3037 contorto
571 2972 701 3039 verbere
719 2974 861 3059 glandes,

10 3060 13 3095 ³
57 3079 117 3124 nec
134 3055 330 3142 Gortyniaco
349 3056 488 3122 calamus
504 3058 583 3124 levis
601 3058 666 3122 exit
682 3059 723 3123 ab
741 3081 826 3123 arcu.

59 3143 147 3208 collis
166 3164 247 3226 apex
263 3141 361 3206 medii
378 3142 527 3208 subiectis
544 3144 685 3207 imminet
703 3144 800 3209 arvis:

57 3229 151 3294 tollor
168 3248 206 3291 eo
223 3248 261 3291 oa
283 3225 377 3310 ioque
393 3228 469 3292 novi
485 3229 665 3312 spectacula
681 3250 801 3307 cursus,

58 3334 121 3397 quo
138 3311 234 3376 modo
251 3249 419 3397 deprendi,
436 3314 530 3378 modo
547 3337 581 3378 se
599 3313 775 3380 subducere
792 3314 833 3380 ab
850 3316 919 3400 ipso

57 3399 187 3463 vulnere
205 3397 274 3462 visa
290 3398 359 3463 fera
376 3409 433 3463 est
475 3421 534 3463 neo
550 3399 648 3464 limite
667 3400 780 3465 callida
796 3412 881 3464 recto

57 3483 89 3547 in
106 3483 309 3568 spatiumque
326 3484 424 3570 fugit,
442 3485 498 3549 sed
517 3484 632 3569 decipit
649 3507 705 3549 ora
722 3486 880 3570 sequentis

58 3579 88 3632 et
104 3568 187 3632 redit
203 3567 237 3631 in
254 3591 385 3653 gyrum,
403 3592 443 3634 ne
461 3570 501 3633 sit
519 3593 594 3634 suus
612 3570 748 3655 impetus
766 3572 857 3636 hosti.

56 3652 199 3719 imminet
216 3653 268 3717 hic
285 3654 489 3738 sequiturque
505 3678 630 3740 parem,
649 3656 820 3740 similisque
838 3657 956 3722 tenenti

56 3759 119 3803 non
135 3748 223 3803 tenet
240 3749 271 3802 et
288 3761 386 3803 vanos
404 3753 530 3806 exercet
546 3740 579 3805 in
596 3747 670 3806 ae'ra
686 3764 819 3807 morsus.
1092 3764 1141 3816 785

56 3823 96 3887 ad
112 3823 209 3888 iaculi
226 3824 372 3888 vertebar
389 3846 491 3911 opem.
536 3826 621 3910 quod
638 3827 768 3892 dextera
784 3828 878 3893 librat

55 3908 130 3973 dum
147 3931 233 3986 mea,
252 3908 328 3972 dum
346 3910 461 3996 digitos
480 3911 611 3977 amentis
629 3913 737 3978 indere
754 3923 884 3999 tempto,

52 3993 174 4058 lumina
192 3994 321 4059 deflexi:
338 4007 548 4080 revocataque
566 4020 673 4064 rursus
691 3999 802 4063 eodem

52 4079 243 4146 rettuleram.
279 4080 393 4158 medic,
411 4081 540 4148 miruml
567 4084 631 4149 duo
648 4106 805 4151 marmora
822 4107 933 4171 campo
