2574 4478
224 231 591 289 IIETAMORPHOSEON
608 233 680 287 LIB.
699 231 780 285 XIII.
799 230 927 285 31-118.
1022 214 1086 281 215

62 355 198 442 opposui
215 356 331 420 molem
350 355 442 440 clipei
459 356 588 438 texique
604 355 757 420 iacentem
1104 372 1135 422 75

62 441 250 525 servavique
268 441 406 505 animam
423 439 603 522 (minimum
621 451 669 506 est
685 439 738 504 hic
755 439 873 523 laudis)
890 439 1033 505 inertem.

63 528 90 592 si
108 537 231 612 perstas
249 537 382 601 certare,
400 525 506 590 locum
523 525 689 591 redeamus
707 525 740 588 in
757 524 860 589 illum:

61 613 160 679 redde
178 612 301 677 hostem
319 612 497 695 vulnusque
515 622 605 676 tuum
624 611 812 693 solitumque
829 610 984 688 timorem,

62 709 136 785 post
154 697 354 783 clipeumque
371 696 435 761 late
453 709 485 761 et
502 719 627 762 mecum
645 695 799 761 contende
817 697 877 760 sub
893 696 958 760 illo.

63 795 97 848 at
113 794 282 869 postquam
300 781 415 866 eripui,
433 782 485 847 cui
503 782 607 847 standi
624 782 756 846 vulnera
773 781 855 846 vires
1104 803 1138 853 80

62 891 127 933 non
145 868 312 944 dederant,
329 868 417 930 nullo
434 867 576 932 tardatus
593 868 723 932 vulnere
740 867 833 950 fugit.
851 902 895 915 -

61 960 183 1020 Hector
200 953 291 1018 adest
308 973 479 1035 secumque
498 953 573 1017 deos
590 953 625 1017 in
641 952 760 1037 proelia
778 952 879 1030 ducit3

62 1060 190 1123 quaque
207 1039 283 1115 ruit,
300 1060 366 1103 non
382 1049 417 1102 tu
435 1049 558 1102 tantum
576 1039 715 1115 terreris,
733 1036 841 1115 Ulixe,

62 1126 120 1190 sed
136 1124 235 1189 fortes
253 1124 363 1190 etiarn:
381 1133 504 1188 tantum
521 1123 617 1188 trahit
632 1124 685 1187 ille
702 1123 833 1188 timoris.

62 1211 148 1274 hunc
166 1231 227 1296 ego
245 1209 438 1294 sanguineae
456 1231 604 1275 successu
622 1209 727 1274 caedis
745 1219 892 1274 ovantem
1103 1230 1136 1280 85

62 1295 185 1361 eminus
202 1295 324 1380 ingenti
341 1293 525 1379 resupinum
542 1294 681 1380 pondere
697 1293 781 1358 fudi:

61 1381 148 1445 hunc
166 1402 226 1466 ego
244 1390 441 1465 poscentem,
460 1402 532 1445 cum
550 1402 613 1464 quo
632 1391 844 1457 concurreret,
863 1401 946 1444 unus

62 1467 207 1531 sustinui.
251 1477 431 1549 sortemque
448 1489 552 1530 meam
570 1465 714 1542 vovistis,
732 1465 860 1542 Achivi,

63 1563 95 1617 et
112 1563 237 1617 vestrae
254 1552 382 1618 valuere
399 1573 519 1637 preces.
564 1551 590 1616 si
607 1551 757 1634 quaeritis
774 1551 868 1615 huius

61 1638 223 1703 fortunam
240 1659 383 1722 pugnae:
400 1658 465 1701 non
482 1660 553 1701 sum
571 1648 737 1722 superatus
755 1637 796 1700 ab
812 1637 876 1700 illo.
894 1673 938 1684 -
1104 1659 1137 1709 90

63 1745 137 1788 ecce
155 1722 262 1788 ferunt
279 1723 379 1787 Tro'e's
396 1721 579 1805 ferrumque
596 1722 606 1785 i
652 1744 749 1805 esque
766 1722 940 1805 Iovemque

60 1809 95 1874 in
112 1803 245 1873 Danaas
263 1808 388 1873 classes.
432 1807 488 1873 ubi
504 1829 589 1873 nunc
621 1806 763 1872 acundus
780 1807 912 1872 Ulixes?

61 1917 178 1980 nempe
196 1916 256 1979 ego
274 1893 360 1959 mille
377 1915 449 1958 meo
458 1893 590 2042 protexi
607 1904 734 1979 pectore
751 1915 886 1978 puppes,

62 2003 152 2065 spem
170 1979 267 2044 vestri
283 1979 413 2044 reditus.
479 1989 530 2044 ate
548 1999 606 2064 pro
624 1990 670 2043 tot
685 1979 820 2042 navibus
838 2002 936 2044 arma.
953 2015 997 2027 —

62 2064 150 2149 quod
168 2065 195 2128 si
212 2087 288 2129 vera
304 2064 379 2129 licet
394 2064 473 2128 mihi
490 2065 609 2140 dicere,
628 2065 790 2148 quaeritur
807 2065 884 2142 istis,
1103 2086 1135 2135 95

62 2172 160 2234 quarn
178 2150 270 2226 mth,
287 2150 387 2214 maior
403 2149 517 2225 honos,
536 2149 766 2234 coniunctaque
784 2149 885 2234 gloria
901 2162 1010 2214 nostra
1027 2162 1088 2215 est:

62 2246 160 2320 atque
177 2235 263 2299 Aiax
280 2235 389 2312 armis,
407 2257 472 2300 non
488 2235 582 2299 Aiaci
600 2258 688 2299 arma
704 2245 864 2320 petuntur.

63 2321 207 2386 conferat
223 2320 271 2385 his
289 2320 418 2385 Ithacus
436 2321 580 2386 Rhesum
595 2320 817 2404 imbellemque
835 2320 963 2386 Dolona

61 2406 309 2489 Priamidenque
327 2407 488 2472 Helenum
505 2417 596 2491 rapta
614 2428 686 2470 cum
704 2405 836 2470 Pallade
855 2406 996 2490 captuml

61 2493 134 2558 luce
151 2492 229 2556 nihil
246 2503 385 2577 gestum,
403 2491 482 2556 nihil
499 2504 547 2557 est
564 2491 722 2556 Diomede
739 2502 870 2556 remoto.

62 2579 90 2643 si
108 2578 207 2642 semel
223 2577 284 2642 ista
302 2577 383 2641 datis
400 2578 519 2643 meritis
537 2589 602 2642 tam
619 2577 734 2642 vilibus
753 2600 850 2654 arma,

62 2663 209 2739 dividite,
228 2674 259 2727 et
276 2686 349 2748 pars
368 2663 406 2726 sit
424 2663 525 2728 maior
542 2663 709 2728 Diomedis
725 2663 758 2727 in
776 2662 847 2726 illis.

62 2770 128 2833 quo
146 2761 252 2813 tamen
270 2747 349 2813 haec
367 2748 496 2813 Ithaco?
514 2750 569 2832 qui
587 2750 683 2825 clam,
700 2749 755 2833 qui
773 2771 898 2833 semper
915 2750 1042 2815 inermis

61 2857 131 2900 rem
148 2834 231 2919 gerit
248 2843 279 2899 et
296 2834 387 2898 furtis
404 2834 566 2898 incautum
584 2834 700 2919 decipit
717 2835 859 2898 hostem?

61 2921 131 3005 ipse
148 2919 232 2987 nitor
247 2920 358 3005 galeae
377 2919 460 2983 claro
477 2920 628 2984 radiantis
646 2921 686 2984 ab
705 2942 782 2984 auro

61 3005 193 3070 insidias
210 3006 323 3091 prodet
340 3005 616 3088 manifestabitque
633 3005 792 3070 latentem.

63 3091 120 3156 sed
137 3113 241 3175 neque
258 3091 428 3155 Dulichius
446 3090 506 3156 sub
523 3091 657 3155 Achillis
675 3092 796 3156 casside
814 3103 923 3158 vertex

86 3176 205 3242 ondera
222 3188 309 3241 tanta
326 3176 420 3254 feret,
437 3199 497 3242 nec
514 3199 578 3240 non
596 3199 729 3241 onerosa
745 3179 915 3262 gravisque

62 3200 170 3327 helias
187 3261 279 3327 hasta
295 3272 399 3347 potest
415 3262 595 3326 imbellibus
613 3285 682 3327 esse
699 3262 833 3341 lacertis,

61 3369 122 3412 nec
140 3347 274 3432 clipeus,
291 3347 372 3411 vasti
390 3348 529 3412 caelatus
546 3348 684 3432 imagine
702 3350 822 3425 mundi,

64 3433 229 3497 conveniet
246 3434 374 3498 timidae
391 3446 547 3516 nataeque
566 3433 608 3496 ad
623 3433 709 3497 furta
727 3434 880 3500 sinistrae.

64 3517 299 3583 debilitaturum
315 3519 394 3601 quid
410 3529 441 3583 te
458 3519 554 3604 petis,
572 3517 728 3603 improbe,
746 3521 880 3583 munus?

64 3604 149 3687 quod
166 3602 224 3667 tihi
241 3603 268 3667 si
285 3603 394 3690 populi
412 3604 575 3669 donaverit
593 3627 680 3669 error
697 3605 823 3683 Achivi,

66 3710 119 3754 cur
136 3688 294 3775 spoliaria,
312 3689 384 3767 erit,
402 3713 466 3755 non
484 3712 541 3754 cur
557 3690 707 3756 metuaris
725 3691 766 3755 ab
784 3691 888 3768 hoste3

65 3785 94 3838 et
109 3775 203 3860 fuga,
223 3796 287 3858 qua
305 3777 372 3840 sola
389 3788 534 3853 cunctos,
553 3776 764 3853 timidissime,
781 3776 892 3854 vincis,

66 3861 152 3924 tarda
169 3860 278 3925 futura
295 3861 353 3928 tibi
370 3875 417 3927 est
434 3863 611 3948 gestamina
628 3873 716 3927 tanta
733 3861 879 3927 trahenti.

67 3945 142 4040 adde
161 3946 247 4030 quod
264 3945 324 4011 iste
341 3957 429 4025 tuus,
447 3960 512 4013 tam
529 3970 600 4012 raro
618 3949 736 4033 proelia
753 3970 876 4031 passus,

10 4022 185 4234 &integer
202 4042 249 4099 est
268 4031 402 4120 clipeum
419 4044 536 4113 nostro,
555 4033 610 4120 qui
627 4033 690 4100 tela
707 4031 838 4101 ferendo
