2574 4478
242 313 611 373 METAMORPHOSEON
628 315 702 371 LIB.
720 314 757 370 Π.
777 315 921 372 394-481.
1049 299 1090 369 29

68 435 229 528 Iuppiter:
247 440 322 506 huic
340 439 413 505 odio
430 463 542 507 nemus
560 452 607 506 est
625 451 656 506 et
674 441 800 507 conscia
817 440 905 506 silva.

68 528 157 593 unde
174 527 289 613 pedem
305 527 445 592 referens
462 550 563 613 paene
581 537 629 592 est
646 528 743 592 oblita
759 527 940 613 pharetram

69 614 181 680 tollere
200 635 272 679 cum
289 613 360 678 telis
378 624 424 691 et,
442 634 537 697 quem
555 613 775 698 suspenderat,
794 635 913 677 arcum.
1109 631 1160 682 tto

70 723 146 766 ecce
164 721 222 765 suo
240 699 389 764 comitata
406 699 502 764 choro
519 698 683 783 Dictynna
698 721 756 784 per
772 699 872 763 altum

69 786 245 850 Maenalon
262 785 442 871 ingrediens
461 794 492 849 et
509 784 605 850 caede
624 784 761 870 superba
778 784 917 849 ferarum

70 871 185 957 aspicit
201 871 283 936 hanc
300 871 463 954 visamque
481 881 583 936 vocat.
628 871 763 935 clamata
778 869 898 956 refugit

71 968 104 1023 et
120 957 226 1021 timuit
241 957 354 1042 primo,
372 979 412 1021 ne
429 956 574 1042 Iuppiter
591 966 674 1020 esset
690 957 723 1020 in
740 956 803 1021 illa.

71 1043 128 1108 sed
146 1054 315 1128 postquam
332 1042 449 1128 pariter
466 1042 622 1128 nymphas
639 1041 785 1107 incedere
802 1041 893 1118 vidit,

71 1129 171 1194 sensit
188 1129 299 1193 abesse
317 1128 406 1192 dolos
423 1149 654 1211 numerumque
671 1127 804 1192 accessit
821 1127 862 1192 ad
879 1126 1002 1192 harum.

70 1214 135 1279 heu
153 1236 250 1298 quarn
267 1213 395 1278 difficile
413 1224 470 1288 est,
488 1213 606 1278 crimen
623 1235 688 1278 non
704 1213 838 1298 prodere
856 1211 960 1277 vultui

70 1301 125 1364 vix
144 1300 252 1364 oculos
269 1299 383 1363 attollit
399 1298 507 1375 humo,
525 1320 584 1362 nec
600 1309 636 1362 ut
654 1311 727 1363 ante
745 1298 865 1364 solebat

70 1387 180 1450 iuncta
198 1385 275 1450 deae
292 1385 383 1449 lateri
400 1407 459 1449 neo
476 1396 542 1449 toto
560 1395 608 1449 est
625 1384 751 1470 agmine
768 1384 884 1469 prima;

71 1472 129 1536 sed
147 1471 218 1535 silet
235 1481 266 1535 et
283 1471 359 1535 laesi
378 1470 433 1534 dat
450 1470 541 1555 signa
557 1470 673 1534 rubore
689 1469 835 1555 pudoris3

71 1570 117 1632 et,
134 1556 196 1620 nisi
214 1556 299 1639 quod
317 1556 406 1640 virgo
425 1564 486 1633 est,
504 1566 627 1641 poterat
644 1555 759 1620 sentire
777 1555 884 1619 Diana

70 1643 157 1707 mille
175 1641 257 1706 notis
275 1642 411 1726 culpam.
455 1640 614 1727 nymphae
632 1641 767 1706 sensisse
785 1641 940 1706 feruntur.

71 1729 149 1792 orbe
166 1728 375 1812 resurgebant
391 1727 515 1791 lunaria
533 1749 651 1792 cornua
667 1747 761 1803 nono,

71 1837 146 1879 cum
164 1814 224 1878 dea
241 1826 372 1888 venatu,
390 1813 536 1877 fraternis
553 1811 704 1898 languida
722 1812 867 1888 flammis,

71 1911 166 1964 nacta
182 1921 295 1964 nemus
311 1898 467 1983 gelidum,
486 1899 525 1963 de
543 1919 607 1982 quo
625 1920 699 1963 cum
716 1921 876 1963 murmure
893 1898 1004 1964 labens

70 1985 139 2050 ibat
156 1996 188 2050 et
206 1983 326 2048 attritas
343 1984 492 2050 versabat
508 1984 594 2049 rivus
613 1984 757 2050 harenas.

71 2083 108 2136 ut
124 2071 196 2135 loca
212 2070 367 2145 laudavit,
385 2092 525 2134 summas
542 2070 623 2155 pede
641 2070 774 2155 contigit
790 2069 906 2134 undas:

71 2157 121 2222 his
140 2177 267 2240 quoque
284 2155 420 2219 laudatis
439 2156 563 2240 ‘procul
581 2155 641 2220 est'
660 2155 704 2220 ait
721 2155 853 2220 ‘arbiter
869 2155 986 2220 omnis:

70 2243 158 2307 nuda
176 2241 350 2326 superfusis
368 2242 550 2327 tinguamus
569 2263 701 2326 corpora
717 2240 874 2326 lymphis!

71 2327 239 2393 Parrhasis
257 2327 392 2392 erubuit.
436 2337 568 2391 cunctae
587 2327 743 2391 velamina
760 2336 895 2410 ponunt:

70 2437 137 2478 una
153 2435 258 2477 moras
276 2412 408 2496 quaerit.
452 2411 609 2477 dubitanti
627 2411 722 2476 vestis
740 2411 888 2496 adempta
905 2422 962 2489 est,

71 2521 136 2583 qua
152 2498 256 2583 posita
271 2499 358 2562 nudo
375 2498 478 2583 patuit
495 2519 568 2563 cum
585 2518 716 2582 corpore
734 2496 862 2560 crimen.

72 2584 223 2649 attonitae
240 2584 449 2666 manibusque
467 2594 593 2649 uterum
610 2583 711 2648 celare
728 2581 846 2646 volenti

71 2672 98 2734 ‘i
114 2669 225 2756 procul
242 2668 335 2746 hinc,’
353 2669 433 2733 dixit
450 2675 524 2734 ‘nec
541 2691 647 2734 sacros
664 2669 770 2754 pollue
787 2667 905 2734 fontes'

72 2753 227 2842 Cynthia,
245 2755 347 2838 deque
365 2777 423 2819 suo
439 2753 532 2819 iussit
549 2755 695 2820 secedere
713 2766 815 2819 coetu.
847 2835 849 2840 ,

115 2841 266 2908 Senserat
283 2839 343 2904 hoc
361 2841 435 2904 olim
452 2840 560 2924 magni
577 2853 721 2904 matrona
738 2839 892 2904 Tonantis

71 2927 299 3009 distuleratque
316 2948 430 3011 graves
447 2926 480 2990 in
497 2926 611 2990 idonea
629 2939 771 3011 tempora
788 2947 917 3011 poenas.

71 3035 169 3078 causa
185 3033 292 3076 morae
309 3011 396 3075 nulla
413 3021 475 3088 est,
494 3024 526 3075 et
542 3011 606 3075 iam
623 3034 702 3097 puer
718 3011 821 3075 Arcas
838 3048 882 3059 -
897 3012 931 3076 id
948 3012 1053 3098 ipsum

70 3098 206 3163 indoluit
221 3097 303 3161 Iuno
320 3132 364 3142 —
380 3096 659 3180 fueratdepaelioe
676 3108 780 3161 natus.

70 3205 134 3268 quo
153 3182 247 3247 simul
264 3182 399 3246 obvertit
417 3204 545 3246 saevam
563 3203 635 3246 cum
651 3182 771 3246 lumine
788 3194 936 3260 mentem,

71 3269 207 3335 ‘scilicet
223 3267 284 3332 hoc
301 3268 396 3332 etiam
413 3267 567 3344 restabat,
585 3267 748 3344 adultera‚’
766 3267 846 3332 dixit

70 3361 120 3420 ‘ut
137 3354 275 3418 fecunda
291 3352 391 3430 fores,
409 3353 561 3437 fieretque
577 3352 693 3417 iniuria
708 3364 802 3438 partu

69 3453 159 3516 nota,
178 3439 328 3522 Iovisque
344 3439 408 3504 mei
425 3450 574 3503 testatum
592 3438 730 3504 dedecus
747 3450 839 3504 esset.

69 3526 157 3591 haud
174 3525 303 3609 impune
320 3523 412 3590 feres.
457 3524 595 3588 adimam
613 3523 670 3588 tibi
685 3545 821 3606 namque
838 3522 984 3607 figuram,

69 3633 134 3695 qua
151 3609 211 3696 tibi
227 3630 354 3694 quaque
371 3610 477 3696 places
493 3621 611 3686 nostro,
628 3609 822 3695 importuna,
841 3612 973 3675 marito!

69 3697 164 3773 dixit,
182 3705 214 3760 e't
231 3695 364 3760 adversa
379 3695 502 3780 prensis
520 3718 540 3759 a
556 3696 659 3759 fronte
676 3695 796 3780 capillis

69 3781 181 3847 stravit
197 3780 287 3844 humi
303 3802 445 3866 pronam.
488 3780 638 3847 tendebat
655 3780 803 3845 bracchia
820 3781 968 3866 supplex:

68 3865 218 3934 bracchia
224 3879 396 3953 coeperunt
405 3866 504 3952 nigris
521 3865 701 3932 horrescere
719 3866 811 3944 villis,

68 3953 256 4036 curvarique
274 3975 386 4017 manus
405 3963 437 4017 et
453 3952 593 4016 aduncos
612 3974 752 4018 crescere
769 3951 801 4015 in
819 3974 942 4038 ungues

68 4039 237 4122 officioque
254 4037 372 4123 pedum
385 4037 494 4124 fungi,
512 4038 702 4122 laudataque
719 4038 878 4124 quondam

68 4146 124 4193 ora
140 4124 212 4192 Iovi
227 4123 292 4189 lato
309 4123 377 4191 fieri
394 4124 548 4192 deformia
563 4124 655 4191 rictu
