2574 4478
137 275 502 334 METAMORPHOSEON
519 277 592 332 LIB.
610 278 676 332 XII.
695 277 838 334 tao—217.
934 265 997 332 203

68 400 115 464 rit.
161 422 287 484 quoque
304 400 338 464 id
355 401 469 464 mirum
486 401 588 486 magis
607 412 689 466 esset
705 401 738 465 in
755 402 819 479 illo,

68 511 94 550 ra
111 498 205 550 natus
223 486 312 551 erat?
355 487 486 550 monstri
503 487 641 552 novitate
658 498 825 551 moventur
1017 508 1065 558 175

70 573 120 636 uis
138 574 241 649 adest,
259 583 427 654 narretque
444 584 567 658 rogant.
611 594 691 655 quos
708 573 789 638 inter
805 572 963 640 Achillea:

68 681 120 743 age
138 657 227 739 (nam
245 658 365 722 cunctis
384 658 494 722 eadem
513 669 560 722 est
577 659 686 724 audire
703 657 874 744 voluntas),

68 744 151 808 unde
169 766 281 819 senex,
299 743 369 807 aevi
385 743 553 828 prudentia
570 745 678 821 nostri,

68 829 162 893 fuerit
180 826 340 905 CaeneuS,
359 829 465 892 curin
482 829 638 894 contraria
655 852 780 902 ¹versusz

68 915 115 978 ibi
133 914 257 990 militia,
276 914 366 978 cuius
385 915 554 978 certamine
572 938 699 1000 pugnae

71 1012 136 1076 tus,
155 1023 174 1063 a
192 1021 256 1083 quo
274 1000 314 1064 sit
332 999 449 1076 victus,
468 1000 495 1064 si
511 1000 613 1065 victus
632 1001 673 1065 ab
691 1002 755 1066 ullo
774 1000 842 1067 est'

68 1087 179 1150 senior:
199 1085 357 1168 ‘quamvis
375 1084 479 1150 obstet
495 1085 571 1149 mihi
590 1086 681 1151 tarda
697 1097 848 1165 vetustas,

68 1192 140 1254 tque
157 1194 209 1236 me
226 1171 352 1256 fugiant
368 1171 477 1256 primis
496 1181 636 1257 spectata
653 1171 714 1236 sub
731 1173 832 1250 anuis,

84 1269 190 1320 tamen
208 1257 346 1321 memini.
389 1279 449 1321 nec
467 1278 549 1339 quae
567 1257 669 1343 magis
686 1257 815 1324 haereat
834 1257 901 1324 ulla

68 1365 102 1407 re
120 1365 170 1406 res
187 1352 295 1406 nostro
314 1353 361 1406 est
379 1341 460 1406 inter
477 1342 614 1425 bellique
632 1342 781 1427 domique
807 1386 811 1393 ·

68 1439 119 1491 tot.
163 1428 245 1492 acsi
263 1449 357 1511 quem
375 1427 478 1512 potuit
495 1427 632 1512 spatiosa
649 1439 793 1494 senectus

68 1524 186 1578 atorem
203 1534 336 1597 operum
352 1514 524 1578 multorum
542 1512 687 1579 reddere:
705 1514 772 1578 vixi

68 1623 74 1662 r
94 1598 142 1662 bis
160 1611 302 1675 eentum3
320 1621 405 1663 nunc
423 1598 515 1663 tertia
532 1598 649 1663 vivitur
666 1609 763 1665 aetas.

79 1685 192 1749 decore
209 1683 272 1747 fuit
287 1683 391 1769 proles
410 1683 534 1748 Elateia
552 1682 679 1760 Caenis,

68 1770 197 1833 solidum
215 1769 306 1855 virgo
323 1769 548 1854 pulcherrima,
566 1792 685 1855 perque
702 1771 896 1856 propinquas
1016 1795 1066 1846 190

68 1878 93 1918 te
111 1866 182 1919 tuas
200 1855 295 1919 urbes
312 1890 356 1901 -
373 1854 431 1919 tibi
449 1855 532 1920 enirn
549 1856 723 1941 popularis,
742 1858 879 1936 Achille,
894 1895 939 1908 —

68 1964 146 2005 rrum
164 1940 282 2004 frustra
299 1941 379 2004 votis
398 1950 506 2026 optata
522 1962 700 2026 procorum.

68 2036 159 2090 tasset
174 2026 292 2090 Peleus
309 2025 464 2090 thalamos
482 2046 608 2109 quoque
624 2027 756 2093 forsitan
773 2028 842 2094 illos
847 2054 858 2107 ;

68 2135 112 2176 am
130 2122 185 2175 aut
203 2112 399 2196 contigerant
415 2111 461 2175 illi
479 2112 615 2177 conubia
631 2113 751 2191 matris,

68 2208 174 2262 ierant
190 2197 359 2282 promissa,
377 2207 461 2262 tuae.
503 2219 563 2261 nec
581 2194 697 2263 Caenis
715 2199 749 2263 in
766 2200 848 2264 ullos

68 2284 124 2368 psit
141 2282 310 2360 thalamos,
329 2293 511 2365 secretaque
528 2282 620 2347 htora
637 2305 768 2369 carpens

68 2369 124 2435 ›rei
141 2368 205 2431 vim
223 2391 317 2453 passa
335 2369 386 2433 dei
404 2378 466 2445 est3
483 2368 529 2432 ita
545 2367 632 2433 fama
648 2368 781 2434 ferebat.

68 2481 72 2517 ι
89 2475 191 2518 novae
208 2453 343 2520 Veneris
360 2453 528 2538 Neptunus
545 2454 663 2539 gaudia
681 2455 773 2540 cepit,

81 2551 137 2603 tua
154 2550 228 2603 vota
244 2539 340 2604 licet”
359 2539 440 2603 dixit
456 2545 593 2605 “secura
609 2540 768 2624 repulsae:

68 2624 168 2708 ,quid
185 2625 333 2689 voveas.''
377 2625 488 2690 eadem
505 2624 566 2689 hoc
582 2647 708 2709 quoque
726 2626 813 2691 fama
830 2626 962 2693 ferebat.
1015 2647 1065 2697 200

68 2710 177 2794 gnum''
197 2707 313 2774 Caenis
331 2711 375 2774 ait
392 2711 493 2775 “facit
511 2710 590 2775 haec
606 2712 720 2776 iniuria
737 2725 857 2790 votum,

68 2796 122 2860 >ati
139 2796 183 2859 nil
200 2818 308 2880 posse,
325 2795 411 2859 mihi.
457 2796 512 2873 da,
531 2796 649 2860 femina
665 2820 706 2862 ne
724 2798 797 2862 sim:

68 2906 82 2946 a
99 2881 321 2966 praestiteris.”
365 2880 510 2965 graviore
526 2882 699 2947 novissima
716 2883 795 2947 dixit

68 2995 74 3031 r
91 2989 178 3043 sono,
196 2977 382 3051 poteratque
400 2967 459 3030 viri
476 2988 539 3030 vox
556 2967 610 3032 illa
626 2968 739 3033 videri:
758 3004 802 3017 -

76 3063 151 3117 erat.
195 3052 351 3115 narniam
369 3063 441 3116 voto
460 3051 538 3116 deus
555 3053 700 3136 aequoris
719 3054 773 3118 alti

68 3149 143 3214 erat,
162 3138 354 3220 dederatque
372 3159 479 3222 super,
496 3161 537 3202 ne
555 3139 680 3203 saucius
697 3140 769 3204 ullis

68 3223 160 3287 tribus
177 3223 246 3288 fieri
262 3222 386 3288 ferrove
405 3223 592 3288 occumbere
610 3235 725 3309 posset.

68 3333 106 3373 ere
124 3310 226 3373 laetus
244 3308 311 3372 ahit
328 3307 502 3391 studiisque
518 3309 661 3374 virilibus
679 3333 794 3375 aevum

68 3408 74 3457 ’;
93 3394 259 3458 Atracides
276 3393 460 3476 Peneiaque
477 3416 554 3458 arva
570 3406 719 3478 pererrat.
1015 3417 1064 3466 209

68 3491 164 3544 {xerat
182 3480 407 3564 Hippodamen
424 3479 537 3543 audaci
553 3480 666 3546 Ixione
682 3492 786 3558 natus,
822 3480 995 3562 Liparaea
1006 3497 1064 3534 vum

68 3587 225 3649 genasque
242 3567 327 3629 feros
344 3564 453 3649 positis
472 3588 512 3629 ex
529 3567 638 3632 ordine
656 3567 772 3632 mensis
825 3549 1063 3618 Centaarapuqaa.

68 3651 142 3714 *ibus
160 3661 244 3714 tecto
262 3650 461 3715 discumbere
477 3650 612 3716 iusserat
629 3663 728 3717 antro.

68 3735 148 3799 nonii
165 3757 310 3820 proceres
328 3736 472 3811 aderaut,
490 3736 656 3801 aderamus
675 3749 706 3802 et
722 3737 797 3823 ipsi3

68 3845 118 3904 que
138 3821 269 3885 confusa
286 3821 455 3886 resonabat
470 3821 558 3906 regia
576 3823 678 3887 turba.

68 3917 184 3970 canunt
202 3908 425 3991 Hymenaeon,
444 3917 475 3970 et
492 3907 619 3992 ignibus
638 3909 717 3972 atria
734 3909 868 3986 fumant,
1015 3929 1064 3979 215

68 4014 139 4075 tque
158 3992 246 4056 adest
264 3993 353 4078 virgo
371 4001 508 4056 matrum
525 4015 727 4079 nuruumque
745 4006 881 4075 caterva,

68 4078 149 4164 ignis
167 4077 258 4145 facie.
293 4077 418 4144 felicem
436 4076 572 4143 diximus
589 4079 643 4147 illa
