2574 4478
176 310 241 380 212
507 328 543 385 P.
560 328 686 386 ovum
701 326 867 387 NASONIS

107 470 159 521 tro
176 474 236 518 nec
252 466 359 519 tamen
377 451 523 529 ulterius,
540 474 638 536 quarn
654 453 750 517 fortia
766 453 852 518 lacta
868 452 1002 530 diendo,

175 538 311 603 ulciscor
327 538 456 604 fratres:
473 538 575 603 solida
591 558 640 604 est
657 539 735 602 mihi
750 539 855 625 gratia
870 540 998 603 teeum’

219 624 311 689 Haec
327 640 495 709 postquam
512 624 598 689 dulci
614 624 746 689 Neleius
763 624 862 689 edidit
879 647 945 701 ore,

175 732 196 773 a
212 732 357 775 emmone
375 710 460 774 senis
476 710 611 794 repetito
627 733 758 775 munere
776 709 898 774 Bacchi

175 816 339 861 surrexere
356 795 448 872 toris3
465 817 529 859 nox
546 810 596 860 est
612 795 688 859 data
705 811 809 860 cetera
826 817 947 859 somno.

106 900 158 951 trs
217 882 265 945 At
277 880 366 956 deus,
377 902 550 964 aequoreas
562 881 618 964 qui
631 880 762 966 cuspide
774 896 928 965 temperat
942 881 1058 957 undas,
1081 898 1199 951 Adita.

174 966 208 1031 in
226 966 387 1032 volucrem
405 988 519 1051 corpus
536 967 603 1031 nati
619 966 855 1032 Phaethontida
871 989 1000 1032 versum

175 1065 282 1117 mente
298 1052 384 1118 dolet
401 1052 520 1137 patria,
537 1074 732 1136 saevumque
746 1074 881 1152 perosus
896 1051 1062 1118 Achillem

176 1150 301 1203 exercet
319 1160 474 1203 memores
490 1137 676 1222 plusquam
695 1138 828 1203 civiliter
843 1137 918 1202 iras.

175 1223 302 1308 iamque
319 1224 387 1289 sere
404 1236 505 1288 tracto
521 1223 586 1287 duo
644 1247 661 1288 r
678 1223 893 1306 quinquennia
909 1223 1005 1299 bello,

107 1328 159 1379 tto
177 1309 293 1373 talibus
310 1309 472 1374 intonsum
488 1331 600 1393 compe
643 1322 655 1372 t
674 1307 842 1375 Sminthea
858 1308 965 1373 dictis:

176 1400 210 1458 ‘o
228 1394 305 1459 mihi
322 1394 363 1461 dc
379 1394 486 1460 fratris
501 1395 598 1480 louge
614 1394 793 1494 gratissime
809 1394 902 1469 uatis,

174 1479 264 1545 irrita
281 1480 335 1564 qui
352 1502 478 1545 mecum
495 1479 628 1565 posuisti
644 1479 772 1545 moenia
788 1479 915 1556 Troiae,

177 1564 306 1650 ecquid,
324 1565 379 1630 ubi
397 1566 455 1630 has
472 1565 600 1630 iamiam
618 1587 746 1630 casuras
764 1566 879 1650 aspicis
896 1587 997 1642 arces,

176 1651 330 1751 ingemis‘t
347 1663 400 1715 aut
419 1651 533 1735 ecquid
550 1664 597 1716 tot
614 1651 817 1717 defendentia
833 1673 941 1716 muros

109 1758 159 1808 tto
177 1735 264 1801 mdia
281 1758 374 1801 caesa
391 1737 498 1802 doles?
516 1737 645 1820 ecquid,
662 1760 704 1802 ne
721 1759 894 1822 persequar
910 1758 1033 1814 omnes,

178 1822 327 1887 llcctoris
346 1822 459 1887 umbra
476 1822 561 1887 subit
579 1823 698 1888 circum
715 1846 774 1887 sua
790 1822 951 1908 Pergama
968 1823 1082 1888 tracti?

177 1928 250 1973 cum
268 1920 374 1972 tamen
391 1908 444 1973 ille
460 1907 551 1973 ferox
568 1909 714 1992 belloque
732 1908 890 1973 cruentior
906 1908 978 2008 ipso

177 1992 256 2058 vivit
272 1992 390 2070 adhuc,
408 1994 512 2078 operis
529 1994 629 2058 nostri
646 1995 824 2094 populator,
841 1993 995 2059 Achilles.

178 2078 231 2144 det
247 2078 324 2143 mihi
342 2102 390 2144 se:
408 2078 495 2155 fare,
512 2079 627 2165 triplici
645 2079 723 2162 qurd
740 2078 870 2163 cuspide
887 2079 1019 2164 possim,

110 2184 160 2235 tto
178 2164 301 2231 sentiat.
344 2179 378 2230 at
395 2164 545 2248 quoniam
562 2186 749 2231 concurrere
766 2165 942 2229 comminus
959 2164 1045 2230 hosti

177 2273 241 2315 non
259 2249 362 2328 datur,
380 2252 503 2316 occulta
520 2251 711 2350 necopinum
728 2250 825 2337 perde
842 2249 987 2335 sagittal'

177 2336 286 2401 adnuit
304 2348 399 2420 atque
417 2336 522 2401 animo
536 2350 656 2486 panter
668 2347 849 2485 patruoque
866 2356 988 2419 suoque

177 2420 291 2488 Delius
309 2422 477 2508 indulgens
495 2445 535 2488 ne
558 2423 612 2487 ula
629 2444 667 2486 ve

177 2507 318 2593 pervenit
336 2507 484 2585 iliacum,
502 2507 670 2590 mediaque
687 2506 721 2571 in
738 2506 834 2572 caede
853 2507 992 2571 virorum

110 2614 159 2663 teu
178 2616 249 2658 rora
289 2616 322 2660 er
340 2593 464 2679 ignotos
482 2605 684 2679 spargentem
701 2594 800 2659 cernit
817 2591 961 2657 Achivos

177 2678 240 2744 telo
256 2616 381 2753 lhrim3
399 2678 566 2762 fassusque
584 2677 679 2742 deum
698 2677 790 2762 ‘quid
807 2678 928 2763 spicula
945 2678 1053 2763 perdis

178 2765 332 2851 sanguine
351 2763 482 2850 plebisi’
501 2764 555 2829 ait.
600 2764 641 2828 ‘si
658 2783 722 2846 qua
740 2774 788 2830 est
805 2763 863 2827 tibi
881 2785 957 2828 cura
974 2774 1112 2841 tuorum,

178 2862 298 2915 vertere
317 2849 349 2914 in
367 2849 530 2915 Aeaciden
549 2870 719 2932 caesosque
736 2847 887 2915 ulciscere
904 2847 1048 2914 fratresl'

178 2934 257 3000 dixit
275 2947 319 3013 et,
338 2935 506 3001 ostendens
524 2947 715 3000 sternentem
732 2934 848 2999 Troica
864 2933 948 2999 ferro

112 3042 161 3091 too
181 3044 313 3107 corporo
329 3020 479 3098 Peliden,
498 3042 590 3085 arcus
608 3019 744 3085 obvertit
761 3020 794 3084 in
810 3020 910 3095 illum,

179 3120 326 3191 certoque
345 3105 468 3171 letifero
486 3105 599 3171 direxit
617 3105 738 3190 spicula
755 3104 876 3170 dextra.

178 3192 263 3276 quod
282 3191 429 3257 Priamus
447 3191 586 3277 gaudere
604 3213 702 3255 senex
719 3203 790 3276 post
808 3192 948 3256 Hectora
965 3202 1082 3275 posset,

177 3276 238 3343 hoc
255 3276 325 3342 fuit.
369 3276 421 3341 ille
439 3277 537 3361 igitur
553 3288 714 3341 tantorum
730 3277 840 3352 victor,
858 3275 996 3352 Achille,

177 3363 278 3429 victus
297 3386 331 3427 es
349 3386 368 3427 a
386 3362 496 3426 timido
515 3360 633 3428 Graiae
651 3373 777 3446 raptore
795 3361 939 3427 maritae!

110 3468 158 3517 605
177 3460 209 3512 ut.
227 3449 252 3513 si
271 3448 406 3513 femineo
425 3447 528 3513 fuerat
545 3447 603 3511 tibi
621 3447 727 3513 Marte
745 3447 932 3523 cadendum,

178 3533 466 3599 'llrermodootioca
483 3532 593 3598 malles
611 3532 762 3597 cecidisse
781 3532 918 3618 bipenni.

178 3620 240 3684 ium
259 3620 352 3684 timor
369 3618 421 3683 ille
439 3618 620 3704 Phrygum,
638 3618 734 3682 decus
752 3629 784 3682 et
800 3619 899 3682 tutela
916 3617 1046 3704 Pelasgi

178 3704 328 3781 nominis,
346 3704 517 3778 Aeacides,
536 3714 631 3803 caput
648 3703 718 3766 insu
743 3703 859 3768 erabile
878 3703 971 3777 bello,

178 3804 308 3855 arserat.
329 3803 464 3854 armarat
483 3788 562 3855 deus
580 3788 678 3863 rdem,
696 3788 707 3851 i
730 3809 843 3872 amque
861 3799 1028 3854 cremarat.

110 3896 160 3947 tto
177 3873 242 3939 iam
259 3874 338 3940 cinis
355 3888 417 3951 est3
435 3886 466 3940 et
484 3874 524 3940 de
542 3886 607 3939 tam
625 3895 742 3958 magno
760 3885 856 3939 restat
873 3874 1001 3940 Achille

176 3958 284 4027 neseio
301 3958 393 4045 quid,
411 3981 542 4045 parvam
559 3958 645 4043 quod
662 3980 726 4023 non
745 3959 825 4025 bene
843 3959 1001 4044 compleat
1017 3981 1141 4026 umam.

177 4042 321 4121 atrivit,
338 4054 439 4111 totum
457 4066 540 4131 qnae
557 4044 658 4131 gloria
675 4045 832 4130 compleat
848 4044 969 4109 orbem.

176 4128 258 4205 haec
273 4128 320 4203 illi
336 4152 487 4203 mensura
501 4129 570 4234 viro
586 4128 770 4223 respondet,
788 4142 820 4198 et
836 4128 897 4199 hac
914 4144 964 4201 est

681 2434 751 2486 atus
768 2421 802 2485 in
820 2444 934 2506 agmen
