2574 4478
171 304 232 371 116
500 318 533 374 Ρ.
553 318 678 375 ovlou
695 317 858 374 NASONIS

168 443 248 507 vidit
266 453 298 507 et
315 441 467 505 immitem
486 440 653 527 Cephisias
671 463 727 505 ora
743 440 946 518 Procrusten,

171 525 343 612 Cercyonis
362 528 460 591 letum
477 526 556 591 vidit
574 525 715 592 Cerealis
733 525 875 591 Eleusin.

101 633 152 680 440
170 613 284 677 occidit
300 613 353 677 ille
372 611 471 688 Sinis,
490 612 614 697 magnis
632 611 714 677 male
731 610 850 676 viribus
868 635 956 690 usus,

170 698 225 781 qui
242 707 366 783 poterat
384 719 515 762 curvare
532 697 637 762 trabes
655 707 686 761 et
704 695 820 781 agebat
837 697 878 761 ab
897 698 961 763 alto

170 784 211 846 ad
229 794 344 849 terram
361 783 423 847 late
441 805 604 868 sparsuras
623 802 755 866 corpora
772 781 875 866 pinus.

169 878 255 933 tutus
273 868 314 932 ad
331 867 524 944 Alcathoen,
543 867 696 952 Lelege'r‘a
715 868 853 944 moenia,
871 868 961 933 limes

169 953 341 1038 composito
361 951 491 1018 Scirone
508 963 609 1038 patet,
628 951 807 1038 sparsisque
824 953 953 1018 latronis

101 1061 151 1108 445
170 1050 253 1103 terra
270 1050 365 1123 negat
384 1038 504 1115 sedem,
522 1039 631 1103 sedem
647 1049 742 1122 negat
761 1037 885 1103 ossibus
903 1039 1003 1116 unda;

169 1146 251 1207 quae
268 1124 383 1188 iactata
400 1123 455 1187 diu
472 1124 572 1188 fertur
589 1124 719 1187 durasse
736 1133 877 1188 vetustas

169 1209 202 1272 in
221 1210 380 1294 scopulos:
400 1209 536 1294 scopulis
555 1231 671 1273 nomen
689 1206 829 1273 Scironis
846 1209 998 1276 inhaeret.

169 1295 196 1358 si
213 1295 320 1359 titulos
338 1316 500 1376 annosque
519 1305 589 1358 tuos
606 1315 773 1358 numerare
790 1294 934 1373 velimus,

168 1379 254 1444 facta
271 1391 414 1465 premant
432 1402 541 1444 annos.
585 1401 641 1464 pro
660 1390 706 1455 te,
724 1378 909 1457 fortissime,
928 1392 1002 1446 vota

101 1485 151 1534 450
168 1465 295 1549 publica
312 1465 514 1550 suscipimus,
532 1464 652 1529 Bacchi
671 1463 729 1528 tibi
747 1465 899 1529 sumimus
917 1465 1071 1532 haustus.‘

68 1589 69 1592 =
169 1561 320 1614 consonat
338 1573 468 1614 assensu
485 1550 595 1637 populi
611 1549 822 1635 precibusque
840 1551 1003 1615 faventum

168 1635 271 1721 regia,
289 1657 348 1699 nee
366 1647 432 1700 tota
449 1636 545 1700 tristis
563 1636 651 1699 locus
669 1636 753 1698 ullus
771 1636 804 1699 in
821 1636 900 1700 urbe
918 1649 976 1701 est.

210 1721 280 1785 Nec
297 1732 402 1784 tamen
420 1719 535 1803 (usque
553 1721 632 1785 adeo
645 1721 733 1784 nulla
747 1730 795 1786 est
813 1721 933 1786 sincera
950 1724 1109 1809 voluptas,
1139 1724 1192 1776 Μ·

169 1805 399 1890 sollicitumque
417 1807 536 1890 aliquid
552 1807 641 1871 laetis
659 1807 842 1896 intervenit)
859 1807 990 1893 Aegeus
1134 1809 1190 1845 '⁸⁰⁸¹

101 1910 151 1958 455
169 1891 287 1976 gaudia
303 1891 444 1976 percepit
460 1902 535 1956 nato
554 1911 664 1956 secura
681 1902 819 1977 recepto.

168 1977 252 2042 bella
269 1988 360 2063 parat
377 1977 493 2041 Minos.
538 1978 592 2060 qui
610 1999 804 2060 quamquam
820 1978 934 2055 milite,
952 2001 1148 2065 quamquam

170 2062 269 2127 classe
287 2064 385 2138 valet,
404 2063 506 2148 patria
522 2073 629 2127 tamen
647 2073 695 2127 est
711 2063 909 2128 firmissimus
926 2064 974 2128 ira

169 2147 397 2232 Androgeique
415 2170 526 2213 necem
543 2148 633 2212 iustis
651 2149 812 2212 ulciscitur
829 2149 934 2213 armis.

170 2245 242 2298 ante
259 2245 364 2298 tamen
382 2234 466 2298 hello
484 2234 565 2298 vires
584 2234 720 2316 adquirit
738 2235 866 2310 amicas,

101 2337 152 2386 400
169 2340 295 2402 quaque
312 2329 423 2404 potens
441 2319 582 2394 habitus,
599 2319 720 2383 volucri
737 2319 818 2384 freta
836 2321 935 2384 classe
953 2334 1104 2405 pererrat.

169 2404 243 2468 hinc
260 2404 420 2489 Anaphen
438 2405 498 2468 sibi
515 2405 618 2489 iungit
637 2416 667 2470 et
684 2405 873 2490 Astypaleia
889 2429 997 2490 regna,

192 2490 330 2553 romissis
347 2490 422 2553 Ana
445 2489 520 2566 hen,
538 2513 637 2574 regna
654 2490 842 2575 Astypaleia
858 2491 955 2555 bello:

169 2512 243 2638 hinc
260 2574 411 2640 humilem
422 2512 604 2659 lllyconum
623 2587 807 2658 cretosaque
824 2599 898 2639 rura
916 2573 1034 2642 Cimoli

168 2660 394 2743 florentemque
424 2661 533 2744 thymo
551 2658 714 2745 Cythnum
730 2681 922 2744 parvamque
941 2660 1101 2749 Seriphon

101 2763 151 2811 465
170 2766 439 2828 marmoreamque
456 2745 578 2822 Paron,
597 2766 757 2829 quamque
773 2746 871 2831 impia
887 2748 1026 2831 prodidit
1042 2752 1133 2816 Arne

171 2829 364 2915 Siphnonret
380 2840 524 2914 accepto,
543 2832 629 2914 quod
646 2853 743 2894 avara
758 2844 959 2917 poposcerat,
978 2857 1055 2898 auro

169 2927 290 2979 mutata
307 2916 404 2980 estin
422 2938 523 2992 avem,
542 2937 623 2998 quae
641 2938 726 2980 nunc
743 2937 869 2999 quoque
887 2917 989 3003 diligit
1006 2944 1129 2999 aurum,

168 3001 260 3086 nigra
277 3002 388 3086 pedes,
406 3001 505 3086 nigris
523 3003 626 3065 velata
643 3002 812 3066 monedula
828 3002 949 3085 pennis.

169 3099 202 3150 at
219 3109 282 3150 non
301 3083 427 3152 Oliaros
448 3086 671 3171 Didymaeque
689 3098 720 3152 et
737 3087 842 3151 Tenos
863 3098 895 3152 et
911 3088 1042 3152 Andros

100 3190 150 3238 470
168 3183 199 3236 et
218 3170 344 3256 Gyaros
363 3172 544 3254 nitidaeque
561 3172 652 3237 ferax
669 3172 863 3257 Peparethos
884 3172 986 3239 olivae

170 3255 344 3322 Gnosiacas
361 3257 469 3322 iuvere
486 3269 579 3322 rates.
623 3259 719 3323 latere
737 3258 810 3322 inde
827 3257 953 3322 sinistro

170 3341 349 3427 Oenopiam
367 3343 474 3406 Minos
492 3343 584 3429 petit,
602 3342 775 3408 Aeacideia
792 3365 904 3428 regna:

168 3425 347 3511 Oenopiam
365 3440 487 3492 veteres
506 3429 718 3513 appellavere,
737 3428 792 3492 sed
809 3429 877 3513 ipse

167 3514 295 3577 Aeacus
312 3514 473 3598 Aeginam
491 3513 658 3599 genetricis
677 3513 803 3578 nomine
822 3513 910 3578 dixit.

101 3616 149 3664 475
168 3598 261 3662 turha
278 3598 340 3661 ruit
357 3610 525 3682 tantaeque
543 3598 646 3662 virum
664 3621 853 3684 cognoscere
870 3600 974 3665 famae

168 3681 296 3766 expetit.
340 3694 508 3748 occurrunt
524 3684 570 3746 illi
587 3683 817 3766 Telamonque,
835 3686 1000 3769 minorque

168 3790 263 3849 quam
280 3768 434 3833 Telamon
451 3769 583 3843 Peleus,
602 3780 632 3832 et
650 3770 753 3852 proles
771 3770 863 3835 tertia
879 3771 1019 3836 Phocus.

168 3853 235 3937 ipse
252 3873 377 3936 quoque
395 3855 556 3940 egreditur
572 3853 681 3917 tardus
698 3854 852 3939 gravitate
871 3855 961 3919 senili

167 3939 296 4001 Aeacus
314 3950 355 4015 et,
373 3961 454 4022 quae
472 3941 513 4003 sit
530 3939 675 4004 veniendi
694 3962 805 4015 causa,
824 3940 965 4024 requirit.

100 4043 150 4091 480
168 4023 346 4087 admonitus
362 4025 455 4109 patrii
472 4026 576 4089 luctus
595 4024 744 4108 suspirat,
763 4035 794 4089 et
811 4025 855 4088 illi

168 4108 253 4179 dicta
269 4109 365 4178 refert
381 4121 484 4180 rector
500 4110 689 4204 populorum
706 4110 782 4180 talia
799 4121 939 4182 centum:
