2574 4478
268 239 632 300 METAMORPHOSEON
649 241 721 296 LIB.
740 241 777 296 H.
797 241 939 298 130-217.
1067 226 1109 293 23

96 365 215 450 frigore
232 367 323 451 pigra
339 367 425 451 prius
443 389 501 432 nec
517 367 724 431 formidabilis
741 368 807 443 ulli,

96 452 226 517 incaluit
243 453 438 537 sumpsitque
453 474 552 517 novas
569 453 743 518 fervoribus
761 453 833 516 iras.

97 548 129 602 te
147 557 272 621 quoque
290 538 450 601 turbatum
467 549 641 603 memorant
657 537 792 623 fugisse,
808 538 919 612 Boote,

97 623 244 706 quamvis
261 623 369 686 tardus
387 645 456 687 eras
474 635 505 688 et
522 634 553 689 te
570 634 625 688 tua
642 624 781 708 plaustra
798 622 957 687 tenebant.

96 719 134 772 ut
151 729 225 772 vero
242 729 365 771 summo
383 708 525 793 despexit
542 707 582 772 ab
600 708 726 773 aethere
743 719 841 772 terras

96 792 208 857 infelix
223 791 391 857 Phaethon
407 794 531 878 penitus
548 795 735 879 penitusque
753 792 900 871 iacentes,

97 878 224 962 palluit,
241 889 273 943 et
290 878 393 942 subito
411 901 516 963 genua
532 878 720 944 intremuere
736 879 857 953 timore,

98 975 236 1047 suntque
253 963 351 1028 oculis
369 964 517 1028 tenebrae
534 987 590 1049 per
607 975 729 1028 tantum
745 964 853 1028 lumen
870 963 1008 1027 obortae.

57 1048 62 1060 ’
97 1060 130 1112 et
147 1048 210 1112 iam
226 1049 334 1113 mallet
344 1073 443 1136 equos
454 1070 627 1132 numquam
644 1049 783 1133 tetigisse
800 1058 962 1133 paternos:

96 1134 163 1198 iam
180 1156 333 1220 cognosse
350 1156 451 1217 genus
467 1135 555 1219 piget
572 1144 604 1200 et
621 1135 756 1198 valuisse
774 1134 930 1219 rogando:

96 1219 163 1283 iam
180 1219 322 1304 Meropis
340 1219 401 1283 dici
419 1219 547 1304 cupiens
564 1219 609 1283 ita
625 1219 734 1296 fertur,
752 1230 788 1283 nt
806 1229 876 1284 acta

97 1304 262 1389 praecipiti
278 1304 370 1390 pinus
388 1303 498 1380 borea,
515 1303 566 1368 oui
582 1303 666 1369 victa
682 1304 802 1369 remisit

97 1391 190 1454 frena
207 1412 283 1453 suus
300 1401 412 1466 rector,
430 1411 526 1471 quam
543 1389 591 1454 dis
609 1389 753 1473 votisque
769 1389 905 1473 reliquit.

97 1475 177 1558 quid
194 1475 307 1539 faciat?
325 1475 458 1539 multum
475 1475 554 1540 caeli
570 1488 642 1560 post
658 1486 748 1561 terga
764 1475 916 1552 relictum,

98 1574 173 1625 ante
191 1560 297 1624 oculos
314 1561 386 1645 plus
405 1570 460 1625 est.
504 1560 609 1624 animo
626 1559 753 1625 metitur
768 1572 947 1644 utrumque,

98 1656 131 1710 et
148 1646 251 1723 mod0‚
269 1667 349 1729 quos
366 1645 412 1709 illi
428 1645 530 1709 fatum
548 1646 729 1732 contingere
746 1667 810 1710 non
828 1657 884 1722 est,

97 1731 249 1816 prospicit
266 1753 410 1807 occasus,
426 1731 583 1795 interdum
600 1731 727 1817 respicit
742 1742 839 1795 ortus.

98 1816 240 1899 quidque
257 1832 332 1902 agat
348 1817 476 1902 ignarus
494 1827 600 1902 stupet
616 1828 648 1883 et
664 1837 723 1882 nec
740 1816 830 1881 frena
846 1816 984 1894 remittit,

97 1924 159 1968 nec
176 1903 309 1967 retinere
327 1902 423 1966 valet:
441 1923 501 1966 nec
517 1901 645 1966 nomina
661 1901 750 1966 novit
767 1923 930 1985 equorum.

98 2010 210 2072 sparsa
227 2008 352 2070 quoque
369 1987 402 2051 in
419 1987 507 2052 vario
524 1988 641 2072 passim
658 1987 810 2052 miracula
826 1988 913 2052 caelo

97 2084 322 2156 vastarumque
340 2072 426 2137 videt
442 2071 582 2158 trepidus
600 2072 766 2138 simulacra
782 2073 930 2138 ferarum.

98 2171 148 2223 est
164 2159 266 2235 locus,
283 2158 316 2221 in
333 2158 476 2244 geminos
493 2158 549 2221 ubi
566 2158 713 2223 bracchia
729 2170 880 2223 concavat
898 2180 989 2223 arcus

99 2242 251 2329 Scorpius
270 2255 301 2308 et
318 2244 420 2307 cauda
436 2242 588 2326 flexisque
605 2243 762 2326 utrimque
779 2244 903 2307 lacertis

97 2329 232 2414 porrigit
246 2328 280 2392 in
297 2328 434 2412 spatium
451 2328 612 2413 signorum
630 2329 771 2393 membra
788 2329 932 2393 duorum.

97 2415 184 2478 hunc
201 2436 280 2498 puer
296 2425 332 2477 ut
349 2413 431 2499 nigri
447 2413 608 2477 madidum
626 2414 741 2478 sudore
756 2413 870 2478 veneni

97 2501 231 2563 vulnera
248 2508 378 2563 curvata
393 2498 588 2562 minitantem
607 2498 735 2582 cuspide
753 2499 842 2574 vidit,

98 2584 213 2649 mentis
230 2584 320 2668 inops
337 2583 443 2667 gelida
459 2583 626 2648 formidine
642 2585 710 2647 lora
726 2583 855 2648 remisit.

97 2687 180 2748 quae
198 2675 364 2749 postquam
382 2688 540 2730 summum
557 2669 689 2752 tetigere
700 2667 836 2733 iacentia
845 2680 979 2754 tergum,

98 2754 299 2838 expatiantur
316 2752 402 2835 equi,
420 2752 570 2835 nulloque
587 2752 747 2817 inhibente
764 2775 821 2837 per
838 2774 930 2817 auras

97 2840 226 2924 ignotae
243 2838 380 2923 regionis
398 2848 486 2913 eunt,
505 2858 631 2921 quaque
647 2838 783 2922 impetus
801 2838 876 2922 egit,

97 2924 160 2988 hac
177 2924 244 2987 sine
260 2925 331 3006 lege
348 2934 444 2987 ruunt
461 2922 586 3006 altoque
604 2924 663 2986 sub
680 2923 805 2988 aethere
822 2922 893 2986 fixis

97 3010 261 3075 incursant
277 3009 373 3073 stellis
390 3007 579 3093 rapiuntque
596 3030 652 3093 per
668 3007 740 3072 avia
757 3030 884 3072 currum

98 3107 131 3159 et
148 3094 241 3157 modo
259 3116 382 3158 summa
398 3104 522 3177 petunt,
540 3094 634 3156 modo
651 3115 708 3178 per
725 3093 844 3158 declive
863 3092 992 3176 viasque

96 3178 285 3280 praecipites
303 3178 404 3262 spatio
421 3189 521 3243 terrae
538 3177 683 3263 propiore
700 3177 857 3243 feruntur:

97 3264 292 3346 mseriusque
309 3264 374 3327 suis
391 3262 544 3327 fraternos
563 3285 686 3328 currere
704 3263 800 3327 Luna

98 3350 272 3414 admiratur
289 3370 400 3432 equos,
419 3348 625 3431 aiubustaque
642 3348 750 3412 nubila
767 3348 900 3412 fumant.

97 3434 265 3518 corripitur
280 3433 429 3509 flammis,
447 3442 482 3496 ut
500 3454 643 3516 quaeque
661 3432 824 3509 altissima,
842 3434 944 3510 tellus,

96 3519 235 3602 fissaque
253 3519 319 3603 agit
335 3519 430 3582 rimas
448 3529 478 3582 et
496 3517 579 3582 sucis
596 3529 662 3583 aret
680 3518 844 3603 ademptis.

96 3604 217 3689 pabula
233 3615 417 3678 canescunt,
435 3623 506 3666 cum
524 3602 686 3667 frondibus
704 3604 805 3668 uritur
822 3603 924 3680 arbor,

96 3688 324 3771 materiamque
341 3709 403 3767 suo¹
416 3689 545 3772 praebet
561 3710 652 3773 seges
670 3688 758 3752 arida
774 3689 899 3752 damno.

96 3797 196 3860 parva
213 3794 340 3856 queror:
359 3796 492 3857 magnae
510 3784 642 3857 pereunt
659 3796 730 3838 cum
747 3773 912 3837 moenibus
928 3774 1033 3852 urbes,

97 3880 233 3941 cumque
251 3859 316 3922 suis
333 3869 414 3922 totas
431 3857 555 3943 populis
571 3857 717 3923 incendia
733 3869 832 3922 terras

96 3944 130 4008 in
148 3945 284 4008 cinerem
301 3954 436 4007 vertunt.
480 3944 576 4007 silvae
595 3964 666 4007 cum
683 3943 843 4007 montibus
861 3943 985 4008 ardent:

96 4029 186 4096 ardet
203 4028 308 4094 Athos
325 4028 514 4112 Taurusque
531 4025 615 4092 Cilix
632 4041 665 4096 et
680 4028 812 4095 Tmolus
830 4039 861 4096 et
879 4026 962 4097 Oete
