2574 4478
238 382 260 445 it
567 397 602 451 P.
619 396 743 453 otton
760 396 924 453 ΧΑΞΔἸΞ

237 542 293 585 ant
310 520 451 587 misen
468 540 573 587 ternae
591 545 708 587 curtae
727 523 833 587 vineta
851 524 985 587 tarinae.

237 626 284 683 α,
300 607 395 671 mosis
411 629 476 689 qua
493 609 626 693 graeilee
643 631 775 693 gramen
792 631 937 693 carpsere
954 610 1105 693 apertae,

168 709 220 761 too
236 714 321 757 ussat
337 692 383 757 ihi
398 693 557 757 detimues
573 714 694 780 ponunt
711 717 771 758 sua
787 717 919 781 aoqmra
935 694 1067 779 phocae.

236 778 391 843 mirantur
407 779 468 843 sub
483 801 567 862 aqua
583 781 671 844 luoss
688 780 847 863 nrherque
864 780 1038 863 domosque

236 864 402 941 Nereidoa3
422 866 579 948 siis-aeque
596 884 703 930 renem
721 865 883 950 delphines
900 886 932 930 et
949 867 1022 929 altis

236 949 397 1015 mmmm
413 950 509 1015 ramis
526 950 709 1034 agr'aamqne
725 951 840 1015 robora
857 953 994 1036 pulsan·-

236 1054 292 1099 nat
307 1035 402 1121 lupus
419 1036 501 1101 inter
516 1057 608 1110 oses,
625 1036 729 1099 fuisos
748 1037 833 1100 vehit
850 1037 936 1099 unda
952 1038 1071 1114 leones,

168 1142 219 1191 vro
236 1120 322 1185 unda
338 1120 425 1187 vehit
441 1120 549 1207 tigres.
590 1143 650 1186 nec
667 1120 750 1185 sires
767 1122 907 1185 fulminis
924 1145 1013 1207 apm,

235 1230 328 1271 omisa
344 1230 404 1271 rso:
420 1207 526 1271 ablato
542 1228 674 1291 prosunt
692 1208 811 1271 velocia
828 1230 932 1271 cervo.

234 1293 448 1375 quaesitisque
464 1292 519 1357 diu
536 1292 642 1368 tertis,
659 1292 716 1355 ubi
733 1294 842 1357 sr'stere
858 1312 976 1377 paseat,

235 1378 267 1441 in
285 1400 372 1443 utare
388 1378 513 1443 lassatis
530 1377 666 1441 volucris
684 1401 766 1441 sava
783 1379 900 1443 decidit
918 1380 986 1442 alis.

235 1464 384 1529 obruerat
400 1464 537 1529 tumulos
554 1463 709 1527 immensa
724 1434 851 1528 dcentia
867 1465 967 1548 ponti,

168 1568 219 1619 sio
235 1548 468 1635 pulsabantque
484 1549 559 1612 noti
575 1562 725 1612 montana
742 1550 906 1613 cacumina
923 1550 1048 1614 fluctus.

234 1634 375 1699 unanima
389 1656 463 1720 pars
480 1634 566 1697 unda
583 1634 716 1719 rapitur:
734 1634 850 1717 quihus
867 1635 954 1698 unda
970 1635 1121 1721 pepercit,

234 1720 304 1785 illos
321 1721 418 1807 longa
434 1720 564 1783 domant
581 1720 667 1805 inopi
683 1720 801 1785 ieiunia
817 1721 914 1784 rictu.

279 1804 414 1891 Separat
429 1805 552 1869 Aonios
570 1802 701 1870 Oetaeis
717 1804 835 1870 Phocis
852 1807 895 1869 ab
911 1806 1006 1881 arsis,
1070 1805 1217 1885 Bam-''iss-
1229 1814 1253 1858 et

235 1906 320 1957 terra
336 1890 437 1967 ferax,
454 1892 531 1955 dum
545 1908 629 1955 terra
645 1889 715 1954 suit.
741 1892 798 1955 sed
815 1908 956 1977 tempore
968 1892 1001 1955 in
1018 1892 1073 1955 illo
1108 1875 1217 1941 ΒΜ·

168 1998 218 2045 tro
235 2000 309 2062 pars
325 1977 421 2041 maris
438 1992 469 2042 et
486 1978 569 2041 latus
585 1976 761 2041 subitarum
778 1999 908 2062 campus
926 1998 1090 2060 aquarum.

235 2084 325 2127 mons
343 2062 387 2127 ihi
405 2062 575 2127 verticibus
591 2061 670 2147 petit
686 2062 804 2126 arduus
821 2080 906 2126 astra
923 2063 1057 2137 duobus,

235 2148 361 2213 nomine
378 2148 555 2225 Parnasus,
571 2160 783 2232 superantque
800 2148 965 2212 cacumina
981 2149 1093 2213 nubes.

235 2234 286 2299 hio
303 2234 359 2298 uhi
375 2232 552 2299 Deucalion
569 2232 659 2315 (nam
675 2246 779 2298 cetera
795 2246 916 2298 texerat
933 2236 1067 2318 aequor)

235 2342 307 2385 cum
325 2332 469 2384 musorte
486 2318 546 2383 tori
562 2341 662 2404 parva
677 2330 745 2384 rate
761 2332 871 2383 vectus
888 2319 1042 2393 adhaesit,

168 2426 219 2475 sto
237 2404 412 2489 Corycidas
428 2406 584 2490 nymphas
601 2420 634 2469 et
649 2405 781 2469 numina
796 2405 913 2469 montis
930 2405 1062 2468 adorant

235 2491 461 2575 fatidicamque
477 2489 628 2567 Themin,
646 2512 729 2573 quae
745 2503 822 2554 tunc
839 2491 945 2554 oracla
961 2490 1099 2555 tenebat.

236 2598 299 2641 non
317 2576 371 2641 illo
387 2576 498 2641 melior
514 2576 681 2659 quisquam
699 2598 758 2640 nee
775 2577 931 2639 amantior
947 2575 1041 2659 aequi

235 2663 284 2726 vir
301 2662 375 2738 fuit,
393 2674 448 2725 aut
465 2661 519 2725 illa
536 2662 725 2726 metuentior
741 2662 806 2724 ulla
823 2662 963 2725 deorum.

236 2748 379 2833 Iuppiter
395 2759 432 2810 ut
446 2747 574 2829 liquidis
591 2758 737 2831 stagnare
754 2747 923 2831 paludibus
940 2746 1049 2810 orbem

169 2854 218 2903 aaa
237 2844 268 2897 et
285 2854 449 2917 superesse
467 2832 569 2895 vimm
587 2832 627 2895 de
645 2844 691 2895 tot
707 2832 802 2895 modo
819 2832 945 2896 milibus
962 2854 1062 2894 unum

235 2929 267 2983 et
285 2940 447 3003 superesse
464 2917 549 2981 videt
567 2917 607 2982 de
624 2927 670 2980 tot
687 2917 781 2979 modo
799 2916 925 2981 milibus
942 2940 1050 2993 unam,

235 3004 387 3067 innocuos
404 3002 528 3076 amima,
546 3002 682 3066 cultores
698 3002 835 3065 numinis
852 3002 972 3078 ambos,

235 3088 345 3153 nubila
362 3088 498 3163 disiecit,
516 3087 694 3170 nimbisque
711 3087 858 3170 aquilone
875 3087 1004 3151 remotis

235 3188 268 3239 et
285 3174 371 3239 caelo
389 3188 488 3237 terras
505 3173 641 3237 ostendit
658 3185 690 3237 et
707 3172 834 3237 aethera
850 3173 951 3237 terris.

169 3280 219 3331 oso
235 3281 294 3324 nco
312 3259 407 3323 maris
423 3258 471 3323 ira
489 3270 608 3335 manet3
626 3258 790 3343 positoque
809 3257 980 3343 tricuspide
998 3258 1060 3322 telo

235 3346 352 3409 mulcet
370 3366 468 3428 aquas
486 3358 587 3409 rector
604 3344 722 3427 pelagi,
741 3365 898 3428 supraque
915 3343 1109 3428 profundum

235 3443 395 3496 extantem
413 3441 508 3511 atque
525 3451 651 3493 umeros
667 3430 775 3492 innato
793 3429 911 3493 murice
930 3440 1047 3493 tectum

236 3518 415 3579 caeruleum
432 3514 564 3579 Tritona
582 3525 687 3592 vocat,
706 3515 907 3598 conchaeque
926 3513 1049 3579 sonanti

235 3600 386 3685 inspirare
404 3601 492 3666 iubet
508 3600 686 3682 fluctusque
703 3611 734 3664 et
751 3600 881 3664 flumina
898 3600 989 3685 signo

169 3706 217 3755 ³³5
235 3686 297 3751 iam
316 3708 463 3751 revocare
480 3686 562 3749 dato.
605 3708 684 3749 cava
700 3686 816 3750 bucina
832 3686 966 3749 sumitur
982 3684 1028 3749 illi

235 3771 360 3848 tortilis,
378 3772 410 3835 in
427 3772 527 3835 latum
545 3792 626 3853 quae
643 3770 768 3835 turbine
786 3771 897 3835 crescit
915 3771 956 3833 ab
973 3771 1047 3845 imo,

235 3856 366 3931 bucina,
383 3878 465 3939 quae
483 3856 587 3921 medio
604 3856 747 3941 concepit
764 3856 819 3920 ubi
837 3861 909 3920 ae'ra
926 3866 1034 3939 ponto,

235 3940 328 4007 litora
344 3963 421 4006 voce
438 3943 539 4028 replet
556 3940 615 4006 sub
632 3952 766 4025 utroque
783 3940 917 4005 iacentia
933 3939 1076 4005 Phoebo.

235 4038 312 4093 tuno
328 4047 467 4127 quoque,
486 4041 521 4092 ut
539 4049 595 4091 ora
611 4026 662 4092 dei
680 4026 807 4092 madida
823 4026 960 4090 rorantia
976 4026 1077 4091 barba

167 4132 218 4185 aaa
235 4110 320 4177 conti
355 4124 369 4177 t
384 4123 415 4178 et
432 4111 545 4177 cecinit
562 4112 663 4177 iussos
680 4111 789 4177 inflata
805 4125 958 4196 receptus,

234 4196 321 4265 omni
343 4220 382 4263 us
399 4196 507 4265 audita
523 4210 571 4265 est
587 4195 706 4264 telluris
724 4209 756 4264 et
773 4198 917 4282 aequoris
934 4196 1037 4276 undis,
