2574 4478
241 247 304 314 210
571 260 603 316 Ρ.
624 262 749 319 OVIDII
766 259 929 318 NASONIS

240 386 336 471 plaga
352 384 429 450 facit
446 385 583 470 gemitus
601 384 635 449 in
652 409 783 471 corpore
802 384 966 449 marmoris
984 383 1049 462 icti,

240 471 403 553 fractaque
421 471 556 535 dissiluit
572 493 721 555 percusso
738 471 889 536 lammina
907 470 997 535 callo.

240 567 276 621 ut
293 557 368 621 satis
384 557 509 622 illaesos
527 555 654 620 miranti
671 556 817 642 praebuit
834 567 930 632 artus,

172 662 222 711 485
241 648 351 706 “nunc
368 641 458 726 age,''
478 642 522 706 ait
541 639 688 707 Caeneus
707 649 840 706 “nostro
857 652 913 705 tua
930 663 1063 726 corpora
1080 641 1164 708 ferro
1279 660 1284 683 ²

239 726 468 813 temptemusl’'
486 728 663 812 capuloque
680 739 772 793 tenus
790 726 915 792 demisit
932 726 965 790 in
982 750 1087 792 armos

241 835 348 878 ensem
364 813 525 878 fatiferum
543 834 736 896 caecumque
753 814 785 876 in
803 813 925 878 viscera
942 813 1042 877 movit

240 898 440 981 versavitque
468 920 566 960 manu
603 899 781 981 vulnusque
798 898 832 961 in
849 898 979 963 vulnere
997 898 1083 963 fecit.

241 1007 315 1049 ecce
331 995 428 1048 ruunt
445 994 535 1048 vasto
553 984 655 1047 rabidi
673 985 810 1050 clamore
834 985 1026 1050 bimembres

172 1090 222 1140 490
241 1070 365 1152 telaque
383 1069 416 1133 in
433 1069 518 1133 hunc
535 1091 644 1134 omnes
662 1092 762 1133 unum
779 1069 971 1152 mittuntque
987 1070 1168 1152 feruntque.

240 1157 302 1220 tela
320 1166 427 1219 retusa
444 1155 576 1231 cadunt3
593 1168 700 1220 manet
717 1155 923 1240 imperfossus
940 1154 981 1219 ab
1000 1154 1088 1219 omni

239 1241 517 1324 inquecruentatus
537 1237 683 1305 Caeneus
701 1240 844 1306 Elateius
861 1240 937 1305 ictu.

239 1327 357 1391 fecerat
374 1326 520 1390 attonitos
538 1348 621 1390 nova
638 1349 698 1391 res.
743 1325 831 1391 “heu
849 1325 986 1391 dedecus
1004 1326 1119 1412 ingens

238 1412 421 1497 Monychus
440 1412 605 1486 exclamat,
624 1412 783 1497 “populus
802 1435 988 1497 superamur
1005 1412 1047 1476 ab
1064 1433 1141 1488 uno,

171 1519 221 1567 495
241 1498 357 1580 vixque
374 1497 453 1561 viro.
497 1519 690 1581 quamquam
706 1497 760 1562 ille
777 1498 826 1562 vir
843 1509 905 1563 cst:
927 1519 985 1562 nos
1003 1497 1159 1583 segnibus
1176 1496 1250 1574 actis,

240 1583 325 1666 quod
342 1582 404 1647 fuit
420 1583 487 1659 ille,
506 1605 626 1648 sumus.
670 1583 746 1666 quid
762 1582 906 1647 membra
922 1583 1074 1648 immania
1091 1583 1235 1670 prosunt?

240 1669 316 1752 quid
334 1668 479 1752 geminae
497 1669 593 1745 vires,
612 1679 644 1734 et
661 1668 748 1752 quod
764 1669 934 1733 fortissima
951 1690 1059 1735 rerum

239 1754 273 1817 in
288 1754 380 1818 nobis
398 1754 516 1839 duplex
532 1765 646 1819 natura
663 1754 810 1818 animalia
826 1754 947 1818 iunxit?

238 1862 298 1904 nec
315 1861 372 1904 nos
389 1851 489 1904 matre
507 1839 567 1905 dea
583 1861 643 1904 nec
659 1861 717 1904 nos
735 1840 846 1904 Ixione
863 1851 954 1904 natos

172 1945 222 1994 500
240 1947 308 1990 esse
326 1946 409 2003 rc0r3
427 1925 482 2008 qui
500 1936 605 1990 tantus
623 1935 705 2003 erat,
722 1925 854 1990 Iunonis
871 1936 907 1990 ut
924 1926 1007 1990 altae

240 2034 328 2095 spem
347 2021 487 2096 caperet:
506 2033 564 2075 nos
582 2011 740 2076 semimari
757 2033 944 2096 superamur
960 2011 1002 2075 ab
1019 2011 1124 2079 hoste.

239 2120 316 2161 saxa
333 2097 501 2180 trabesque
519 2119 614 2182 super
630 2108 776 2182 totosque
793 2097 943 2162 involvite
961 2108 1098 2177 montes,

240 2183 445 2265 vivacemque
463 2182 601 2246 animam
618 2183 722 2248 missis
740 2182 846 2247 elidite
864 2181 965 2248 silvisl

239 2267 319 2332 silva
335 2279 458 2352 premat
474 2269 597 2345 fauces,
616 2282 648 2335 et
666 2269 723 2333 erit
741 2291 797 2353 pro
815 2268 945 2333 vulnere
962 2268 1122 2353 pondus.’'

173 2370 221 2420 505
240 2353 329 2417 dixit.
373 2364 404 2418 et
421 2354 523 2418 insani
541 2355 696 2419 deiectam
713 2354 834 2419 viribus
852 2354 951 2419 austri

239 2439 320 2504 forte
339 2440 461 2505 trabem
478 2451 604 2517 nactus,
621 2439 763 2504 validum
781 2438 913 2505 coniecit
930 2440 963 2503 in
980 2439 1121 2504 hostem:

241 2525 483 2609 exemplumque
500 2525 570 2590 fuit.
614 2546 775 2610 parvoque
792 2524 826 2589 in
844 2535 985 2626 tempore
1002 2524 1110 2590 nudus

240 2610 360 2674 arboris
379 2609 500 2695 Othrys
519 2620 599 2688 erat,
616 2633 676 2676 nec
693 2611 831 2675 habebat
846 2610 959 2675 Pehon
972 2611 1114 2676 umbras.

240 2696 371 2760 obrutus
388 2696 519 2760 immani
537 2696 662 2762 cumulo
681 2697 741 2760 sub
758 2695 898 2781 pondere
917 2693 1066 2761 Caeneus

173 2800 223 2849 510
242 2792 365 2845 aestuat
382 2782 513 2848 arboreo
527 2791 741 2868 congestaque
752 2781 867 2846 robora
885 2781 971 2846 duris

239 2867 301 2931 fert
318 2867 445 2931 umeris.
490 2867 546 2932 sed
564 2868 649 2932 enim
665 2877 835 2952 postquam
852 2889 948 2952 super
965 2888 1021 2931 ora
1039 2878 1197 2954 caputque

240 2951 338 3017 crevit
354 2974 450 3028 onus,
468 2974 571 3036 neque
587 2952 699 3028 habet,
716 2972 795 3035 quas
813 2952 923 3028 ducat,
941 2952 1071 3037 spiritus
1090 2975 1193 3029 auras,

240 3037 345 3102 deficit
361 3037 533 3102 interdum:
552 3038 646 3103 modo
659 3034 698 3102 'se
716 3037 898 3122 superantia
918 3037 1037 3102 frustra

239 3123 348 3187 tollere
367 3134 498 3187 conatur
514 3123 675 3206 iactasque
694 3124 839 3188 evolvere
857 3124 951 3187 silvas
957 3147 967 3199 ;

172 3227 221 3278 515
239 3209 460 3291 interdumque
477 3219 596 3274 movet:
615 3208 728 3285 veluti,
745 3229 841 3292 quam
858 3209 1029 3286 cernimus,
1048 3229 1139 3286 ecce,

239 3294 339 3359 ardua
356 3294 383 3358 si
400 3305 502 3358 terrae
521 3295 680 3377 quatiatur
697 3293 835 3358 motibus
852 3293 920 3359 Ide.

240 3380 342 3445 exitus
359 3379 393 3443 in
411 3378 509 3444 dubio
526 3390 582 3445 est.
626 3379 679 3443 alii
697 3379 757 3443 sub
774 3379 881 3443 inania
899 3400 1013 3464 corpus

238 3466 374 3529 Tartara
391 3465 553 3529 detrusum
571 3465 722 3530 silvarum
739 3465 822 3529 mole
838 3464 996 3529 ferebant:

239 3550 350 3615 abnuit
367 3551 563 3636 Ampycides
581 3551 749 3633 medioque
767 3573 807 3614 ex
824 3573 941 3635 aggere
958 3549 1056 3615 fulvis

171 3657 221 3706 520
239 3637 318 3700 vidit
335 3658 426 3699 avem
444 3636 555 3720 pennis
571 3635 707 3718 liquidas
726 3634 812 3700 exire
829 3635 889 3700 sub
907 3658 1010 3712 auras,

239 3743 321 3804 quae
340 3720 417 3784 mihi
434 3733 510 3786 tunc
526 3721 677 3807 primum,
696 3731 772 3785 tunc
790 3730 837 3786 est
854 3732 1024 3805 conspecta
1041 3743 1229 3807 supremum.

238 3806 320 3870 hanc
338 3805 393 3869 ubi
410 3808 597 3871 lustrantem
613 3806 677 3871 leni
694 3829 752 3870 sua
770 3818 872 3871 castra
890 3807 998 3870 volatu

239 3892 375 3976 Mopsus
394 3903 425 3956 et
442 3892 563 3977 ingenti
580 3891 699 3957 circum
716 3892 864 3977 clangore
882 3903 1048 3958 sonantem

239 3975 362 4062 aspexit
379 3977 558 4061 pariterque
576 3977 679 4042 animo
698 3987 745 4041 est
763 3976 923 4060 oculisque
941 3989 1081 4058 secutus,

171 4084 220 4136 525
240 4069 284 4129 “ο
302 4061 419 4142 salve‚’'
437 4062 517 4128 dixit
535 4062 756 4150 “Lapithaeae
773 4062 875 4148 gloria
892 4062 1006 4149 gentis,

1126 1325 1160 1390 ι’)
