2574 4478
227 247 595 307 uursuoarucsncu
611 249 684 305 nm.
703 249 740 304 11.
760 249 904 306 cos-745.
1034 233 1077 303 35

55 387 89 443 at
106 374 222 452 senior,
239 385 408 476 postquam
426 385 475 441 est
491 395 612 446 merces
629 374 804 460 geminata,
822 374 897 438 ‘sub
913 373 975 438 illis

54 461 232 528 montibus’
249 461 352 545 inqu1t
369 459 496 526 ‘erunt’
539 471 571 526 et
588 470 677 526 erant
695 461 755 524 sub
772 460 932 525 montibus
949 459 1020 525 illis.

54 549 125 614 risit
140 547 343 613 Atlantiades
360 557 392 613 et
408 552 474 612 ‘me
492 545 583 624 mihi,
600 546 730 632 perfide,
747 545 868 631 prodisl

54 658 108 700 me
124 633 203 698 mihi
219 632 356 720 prodisl’
374 632 418 698 ait
434 632 623 733 periuraque
640 642 768 718 pectora
785 630 879 697 vertit
1095 651 1144 701 ⁷05

54 722 90 786 in
108 720 223 785 durum
241 719 450 802 silicem,an
466 740 551 784 nunc
569 740 695 802 quoque
713 717 826 783 dicitur
842 717 958 795 Index;

54 807 153 890 inque
170 805 250 870 nihil
266 805 378 870 merito
396 815 487 869 vetus
505 814 553 869 est
569 804 701 868 infamia
718 824 804 868 saxa.

99 892 188 957 Hinc
205 913 239 957 se
257 891 428 955 sustulerat
444 888 574 975 paribus
592 886 764 954 Caducifer
782 889 854 954 alis:
1002 904 1143 973 Aylaoroa

55 976 315 1064 Munychiosque
333 975 443 1040 volans
461 996 554 1061 agros
571 987 758 1061 gratamque
775 974 942 1040 Minervae

57 1063 264 1150 despectabat
278 1062 412 1126 humum
430 1060 570 1146 cultique
587 1061 716 1126 arbusta
733 1060 844 1146 Lycei.
1096 1081 1145 1131 710

56 1152 113 1216 illa
128 1150 211 1215 forte
229 1148 279 1215 die
297 1158 402 1214 castae
420 1147 460 1212 ds
477 1169 564 1213 more
603 1147 706 1213 uellae

56 1236 176 1302 vertice
193 1234 357 1320 supposito
374 1233 471 1299 festas
486 1233 519 1297 in
535 1169 677 1298 Palladis
695 1258 784 1300 arces

57 1345 139 1408 pura
156 1319 313 1386 coronatis
329 1319 500 1405 portabant
517 1340 606 1383 sacra
623 1320 777 1382 canistris.

56 1408 132 1473 inde
149 1417 343 1473 revertentes
359 1405 438 1470 deus
456 1403 568 1491 aspicit
584 1403 649 1469 ales
654 1450 663 1481 ,
680 1404 804 1487 iterque

56 1517 123 1560 non
140 1494 208 1579 agit
223 1492 258 1557 in
273 1502 409 1568 rectum,
428 1490 534 1556 sedin
551 1490 660 1554 orbem
678 1500 789 1554 curvat
806 1489 952 1555 eundem.

57 1589 95 1646 ut
111 1578 249 1644 volucris
266 1577 342 1642 visis
359 1574 559 1662 rapidissima
576 1574 693 1638 miluus
711 1575 801 1651 extis,

58 1667 136 1730 dum
153 1664 243 1730 timet
260 1673 292 1730 ct
309 1663 399 1727 densi
417 1661 621 1728 circumstant
637 1682 727 1724 sacra
744 1660 878 1724 ministri

57 1751 195 1818 flectitur
211 1750 245 1814 in
261 1771 376 1834 gyrum
393 1769 453 1814 nec
468 1747 594 1833 longius
611 1746 708 1811 audet
725 1746 812 1811 abire

58 1857 212 1924 spemque
229 1857 320 1900 suam
336 1834 431 1898 motis
448 1832 560 1898 avidus
577 1832 783 1898 circumvolat
799 1830 872 1896 alist

58 1925 105 1988 sic
121 1943 218 2007 super
234 1920 373 1991 Actaeas
392 1919 483 2005 agilis
501 1915 667 2004 Cyllenius
684 1938 771 1983 arces

57 2008 189 2074 inclinat
206 2027 316 2072 cursus
333 2015 365 2069 et
382 2004 509 2071 casdem
527 2003 658 2069 circinat
674 2025 777 2069 auras.

58 2103 180 2178 quanto
196 2090 389 2177 splendidior
406 2112 503 2174 quam
520 2099 625 2156 cetera
641 2089 745 2155 sidem
761 2089 808 2153 ful
832 2100 865 2154 et
960 2152 962 2157 .

55 2179 203 2256 Lucifer,
221 2188 254 2245 et
270 2188 391 2322 quanto
408 2197 504 2259 quam
521 2175 654 2241 Lucifer
671 2198 768 2241 aurea
783 2111 930 2239 Pboeber

56 2272 146 2326 tanto
164 2260 213 2324 vir
236 2258 245 2274 ’
270 2259 278 2274 ’
302 2280 341 2322 us
357 2257 566 2344 praestantior
583 2258 730 2323 omnibus
746 2259 851 2324 Herse

56 2347 126 2412 ibat
143 2355 274 2428 eratque
292 2343 388 2409 decus
407 2364 543 2430 pompae
560 2345 774 2428 comitumque
792 2367 931 2410 suarum.

56 2430 211 2516 obstipuit
227 2429 331 2494 forma
347 2429 425 2495 Iove
441 2440 549 2507 natus,
567 2440 598 2495 ct
615 2430 742 2496 aethere
758 2429 899 2516 pendens

56 2539 121 2583 non
139 2538 232 2582 secus
250 2515 380 2592 exarsit,
398 2537 496 2599 quam
513 2537 586 2581 cum
603 2515 768 2580 Balearica
785 2516 952 2601 plumbum

56 2602 159 2670 funda
174 2601 263 2666 iacit:
281 2601 367 2665 volat
383 2600 463 2666 illud
480 2612 512 2666 et
528 2601 721 2667 incandescit
739 2601 853 2678 eundo,

56 2700 90 2755 et
106 2709 188 2772 quos
204 2708 270 2751 non
287 2686 413 2764 habuit,
431 2687 491 2751 sub
506 2687 645 2752 nubibus
662 2687 783 2753 invenit
798 2687 901 2772 ignes.

56 2774 153 2840 vertit
168 2772 229 2839 iter
246 2772 398 2856 caeloque
414 2772 494 2858 petit
510 2784 635 2838 terrena
651 2774 776 2838 relicto·
898 2822 901 2828 .

56 2882 116 2926 neo
133 2881 169 2927 se
187 2857 378 2924 dissimulat:
396 2869 485 2923 tanta
501 2869 550 2924 est
565 2858 683 2925 fiducia
699 2859 831 2924 formae.

55 2968 141 3031 quae
179 2966 352 3029 uamquam
367 2943 452 3008 iusta
469 2955 531 3021 est,
550 2966 626 3010 cura
642 2956 748 3011 tamen
767 2945 897 3010 adiuvat
914 2946 1000 3010 illam

55 3053 147 3119 parm
182 3039 295 3114 eatque
313 3050 419 3093 comas
438 3029 715 3116 chlamydemque,
732 3042 769 3096 ut
784 3031 922 3117 pendeat
938 3044 1021 3117 apte,

56 3118 206 3193 collocat,
223 3126 260 3180 ut
275 3114 392 3179 limbus
410 3126 573 3199 totumque
592 3127 743 3202 appareat
760 3140 887 3195 aurum3

55 3213 93 3270 ut
108 3213 194 3268 teres
210 3200 245 3265 in
262 3200 386 3277 dextra,
404 3222 469 3284 qua
486 3222 612 3266 somnos
630 3203 716 3267 ducit
733 3213 765 3267 et
782 3213 877 3280 arcet,

55 3289 149 3374 virga
165 3286 220 3364 sit3
237 3297 273 3350 ut
290 3286 381 3351 tersis
398 3286 519 3352 niteant
535 3288 645 3352 talaria
662 3287 786 3374 plantis.

54 3397 130 3462 pars
148 3382 270 3438 secreta
286 3371 400 3437 domus
417 3373 512 3439 ebore
529 3384 561 3439 et
578 3375 733 3440 testudine
752 3375 853 3440 cultos

55 3473 120 3527 tres
137 3458 251 3524 habuit
267 3457 436 3534 thalamos,
454 3480 588 3542 quorum
606 3471 655 3535 tu,
672 3459 850 3537 Pandrose‚
869 3460 1024 3540 dextrum,

54 3546 220 3633 Aglauros
238 3543 376 3620 laevum,
394 3545 534 3610 medium
551 3547 733 3631 possederat
749 3547 863 3611 Herse.

56 3654 139 3717 quae
156 3629 259 3696 tenuit
275 3629 416 3706 laevum,
433 3631 611 3696 venientem
628 3633 730 3716 prima
747 3632 867 3697 notavit

54 3715 254 3784 Mercurium
271 3736 449 3799 nomenque
467 3716 518 3782 dei
535 3717 675 3782 scitarier
692 3741 770 3782 ausa
787 3729 834 3782 est

56 3813 87 3870 et
104 3823 236 3868 causam
253 3801 418 3867 adventus.
462 3802 514 3867 cni
531 3802 577 3867 sic
592 3804 754 3888 respondit
770 3803 910 3868 Atlantis

55 3886 269 3972 Pleionesque
286 3907 385 3973 nepos
403 3892 479 3973 ‘ego
497 3910 581 3964 sum,
600 3889 656 3972 qui
672 3889 759 3953 iussa
776 3911 833 3989 per
850 3912 943 3954 auras

55 3975 154 4041 verba
169 3972 270 4061 patris
285 3983 388 4060 porto.
430 3983 521 4061 pater
536 3983 585 4038 est
601 3973 679 4039 mihi
695 3975 839 4060 Iuppiter
855 3975 934 4061 ipse.

55 4081 114 4130 uec
129 4058 252 4148 fingam
270 4080 382 4127 causas
399 4095 442 4109 -
458 4070 495 4125 tu
512 4069 635 4126 tantum
652 4060 716 4126 fida
734 4061 833 4125 sorori

871 4163 906 4217 3·
