2574 4478
181 243 547 300 METAMORPHOSEON
564 244 637 298 um.
656 244 706 298 ιιι.
726 243 870 300 ιιι-ιιι.
978 227 1039 294 159

78 394 105 435 rs
124 380 229 434 tamen
247 379 282 432 ιιι
271 367 405 444 trediit,
424 368 541 453 pariter
558 367 678 433 rediere
698 366 830 442 furores,

78 478 188 538 unque
206 456 260 518 vix
277 454 382 518 tules⁸
374 466 435 518 ιοιο
455 454 541 518 dedit
558 459 630 518 a'e're
648 474 757 516 voces.

79 540 206 605 mento!
226 540 301 622 quid
320 539 403 603 enim
421 539 587 604 temeraria
604 538 741 602 vulneris
760 537 854 603 huius

78 629 166 692 cium
184 626 265 690 feci?
290 625 380 709 quid,
399 646 481 707 quae
500 625 631 689 celanda
648 623 787 698 fuerunt,

78 767 81 776 .
100 714 163 776 cito
181 711 324 776 commisi
342 722 490 795 properat
490 710 517 774 is
478 710 634 774 tverba
652 709 794 772 tabellis?

78 822 89 863 e
108 809 174 862 erat
193 796 351 881 ambiguis
370 797 466 860 animi
484 796 640 860 sententia
657 795 749 858 dictis

78 883 277 967 stemptanda
294 881 380 945 mihi.
424 905 465 947 ne
482 903 546 945 uon
564 890 748 964 sequeretur
766 891 903 958 euntem,

78 981 105 1032 te
124 969 229 1051 aliqua
247 967 322 1044 veli,
341 967 442 1067 qualis
461 967 543 1031 foret
561 990 653 1043 aura,
671 978 781 1030 notare

79 1077 188 1118 ueram
206 1063 338 1135 tutoque
357 1052 436 1116 mari
454 1054 633 1117 decurrere:
652 1073 733 1134 quae
751 1073 837 1116 nunc
872 1056 875 1061 '

78 1137 252 1224 explorat
243 1161 270 1201 is
287 1138 419 1238 implevi
434 1138 491 1202 lint
480 1148 531 1202 teu
549 1137 660 1200 ventis

78 1247 143 1289 eror
159 1225 193 1287 in
211 1223 419 1308 scopulos⁸01⁰i
421 1233 482 1298 tur,
502 1224 800 1305 subversaqueo
735 1233 800 1289 toto

78 1333 133 1374 uor
151 1308 294 1385 Oceano,
312 1330 415 1391 neque
433 1308 551 1373 habent
539 1320 640 1373 tmea
657 1308 728 1372 vela
745 1330 903 1376 recursus.

78 1396 94 1458 d
112 1395 198 1478 quod
216 1407 247 1458 et
235 1395 422 1458 tominibus
441 1405 506 1458 cert
507 1393 533 1457 is
551 1393 742 1478 prohibebar
759 1393 858 1457 amori

78 1482 182 1564 ulgerc
200 1503 282 1557 mec,
301 1491 368 1543 tum
387 1501 460 1543 cum
478 1478 554 1543 mihi
572 1479 654 1544 ferre
672 1478 794 1543 iubenti

77 1566 134 1630 idit
152 1577 183 1630 et
200 1566 275 1630 fecit
294 1587 365 1650 spes
383 1576 505 1628 nostras
523 1587 595 1629 cera
614 1564 768 1629 caducas?

80 1675 120 1715 ne
139 1651 189 1714 vel
206 1651 260 1715 illa
277 1651 344 1715 dies
361 1650 466 1714 fuerat
482 1650 533 1714 vel
550 1661 617 1715 tota
634 1652 744 1715 volunt
732 1661 790 1726 tas,

90 1737 195 1822 potius
212 1736 364 1799 mutanda
382 1736 468 1801 dies?
495 1735 600 1800 deus
591 1759 659 1821 ipse
678 1736 827 1801 mouebat

78 1844 170 1906 laque
189 1833 274 1886 certa
293 1821 402 1885 dabat:
421 1823 529 1888 sinon
547 1823 629 1886 male
647 1845 725 1886 sana
742 1821 884 1887 fuissem

78 1931 170 1972 amen
188 1908 257 1992 ipsa
274 1908 361 1989 loqui
377 1928 437 1972 uec
453 1929 506 1972 me
522 1907 718 1972 committere
736 1929 826 1972 cerae

80 2016 204 2069 ueram,
223 2014 436 2077 praesensque
452 2014 540 2057 meos
558 1993 679 2077 aperire
696 1992 829 2058 furores.

78 2091 146 2143 sset
134 2079 323 2154 tlacrimas,
341 2078 464 2142 vultum
482 2077 614 2142 vidisset
631 2079 775 2142 amantis

78 2189 107 2229 ra
78 2164 212 2247 rloqui
230 2175 387 2263 poteram,
406 2185 503 2247 quam
521 2184 603 2246 quae
621 2184 733 2247 cepere
750 2164 895 2230 tabellae

78 2262 114 2315 ιο
132 2250 221 2350 potui
240 2248 434 2313 circumdare
452 2248 601 2313 bracchia
618 2249 699 2313 collo

80 2338 106 2400 si
125 2336 269 2411 reicerer,
288 2335 376 2419 potui
394 2334 488 2398 morit
488 2357 547 2398 ura
564 2333 665 2398 videri

78 2422 227 2522 ilectique
244 2421 342 2504 pedes
360 2420 537 2520 adfusaque
554 2442 685 2504 poscere
702 2420 810 2485 vitam

78 2508 122 2570 iia
139 2507 298 2580 fecissem,
317 2527 452 2589 quorum
470 2528 497 2569 s1
487 2506 640 2590 singula
658 2505 769 2569 duram

78 2605 141 2657 tere
159 2614 223 2655 non
240 2603 400 2691 poterant,
418 2591 596 2676 potuissent
613 2591 732 2666 omnia,
750 2603 897 2656 mentem.

78 2679 148 2742 itan
166 2688 197 2741 et
214 2678 301 2740 missi
320 2678 359 2740 sit
377 2677 534 2759 quaedam
552 2677 645 2761 culpa
662 2676 805 2740 ministri.

97 2763 246 2826 adiitt
192 2774 246 2846 apt
248 2786 264 2826 e
282 2784 341 2825 nec
359 2763 436 2846 legit
452 2763 581 2838 idonea,
600 2763 704 2838 credo,

78 2871 169 2933 porc,
187 2870 246 2911 nec
264 2859 317 2931 pet
318 2848 354 2910 iit
371 2848 546 2932 horumque
564 2848 768 2930 animumque
786 2859 900 2913 vacant
901 2872 961 2913 em.

78 2956 95 2997 c
112 2955 249 2996 nocuere
267 2933 353 2995 mihi.
397 2954 501 3016 neque
519 2933 602 2998 enim
622 2944 671 2997 est
689 2933 758 2997 det
746 2932 859 3017 tigride
876 2946 979 3011 natus,

92 3018 212 3102 rigidas
230 3019 332 3082 silices
351 3018 554 3083 solidumve
544 3042 578 3082 ιιι
595 3031 723 3104 pectore
741 3022 859 3083 ferrum

88 3104 257 3168 adamanta
274 3105 370 3188 gerit,
388 3127 447 3168 nec
464 3104 514 3168 lac
531 3104 611 3168 bibit
628 3105 681 3168 ille
697 3105 836 3169 leaenae.

78 3200 173 3254 cetur:
191 3190 381 3289 repetendus
399 3190 467 3254 erit
510 3211 569 3254 nec
587 3191 691 3255 taedia
709 3190 812 3291 coepti

78 3274 161 3338 mei
179 3274 317 3358 capiam,
336 3275 412 3338 dum
430 3275 558 3360 spiritus
575 3275 634 3341 iste
652 3276 800 3340 mauebit.

78 3385 90 3424 1
107 3361 259 3459 primum,
278 3383 305 3424 ιι
295 3360 407 3424 'facta
424 3361 501 3424 mihi
518 3383 668 3428 revocare
686 3362 802 3435 liceret,

98 3446 239 3530 coepisse
257 3445 331 3509 fuit:
305 3458 462 3530 tcoepta
480 3469 663 3532 expugnare
681 3448 854 3512 secundum
873 3458 930 3513 est.

78 3554 135 3618 ppe
152 3553 212 3595 nec
229 3531 281 3596 ille
299 3543 457 3616 potest,u
459 3533 551 3596 tiam
569 3555 641 3597 mea
657 3543 733 3597 voto
749 3533 934 3616 relinquam,

96 3629 204 3681 tamen
222 3639 371 3680 ausorum
390 3640 514 3702 semper
531 3640 652 3683 memor
669 3641 738 3683 esse
756 3641 913 3684 meorumz

78 3702 153 3786 quia
172 3702 332 3778 desierim,
350 3702 426 3767 levit
414 3714 462 3767 ter
478 3703 615 3768 voluisse
632 3703 773 3780 videbor,

87 3788 183 3853 etiam
201 3798 301 3872 ttemp
303 3810 372 3852 asse
389 3789 478 3852 illum
495 3788 680 3873 insidiisque
697 3789 827 3889 petisse·

83 3884 169 3938 certe
186 3895 251 3936 non
269 3873 344 3950 hoc,
363 3874 417 3956 qui
435 3874 588 3958 plurimus
606 3886 699 3959 urget
717 3884 748 3938 et
765 3874 829 3939 urit

78 3968 142 4023 tora
159 3969 281 4036 nostra,
300 3960 369 4034 deo,
387 3960 443 4024 sed
461 3959 544 4023 victa
560 3960 690 4024 libidine
708 3959 826 4024 credar.

78 4045 150 4130 ique
168 4044 232 4109 iam
250 4066 373 4129 nequeo
392 4045 436 4109 nil
454 4045 647 4111 commisisse
664 4045 852 4111 nefandum:
