2574 4478
226 293 289 360 206
559 306 591 361 Ρ.
612 306 735 364 OVIDII
753 305 915 363 NASONIS

225 443 257 497 et
273 431 395 496 Pholus
414 441 445 497 et
461 430 630 496 Melaneus
648 441 680 496 et
696 430 787 494 Abas
804 431 972 515 praedator
989 452 1153 515 aprorumt

225 518 342 602 quique
360 517 424 580 suis
441 517 559 581 frustra
576 516 694 580 bellum
713 516 917 592 dissuaserat,
936 539 1038 602 augur

224 604 375 667 Asbolus.
418 602 470 667 ille
489 603 583 666 etiam
601 601 753 666 metuenti
770 602 902 666 vulnera
918 601 1021 666 Nesso

226 695 290 754 “ne
307 687 398 773 fugel
417 687 459 752 ad
475 687 676 752 Herculeos”
695 686 796 769 inquit
814 686 1014 752 “servaberis
1032 687 1154 753 arcus.”

158 795 208 846 810
226 786 258 838 at
274 797 338 838 non
356 773 559 858 Eurynomus
577 772 780 857 Lycidasque
799 783 831 836 et
847 773 950 837 Areos
969 784 1000 837 et
1017 774 1164 840 imbreus

226 859 366 944 effugere
384 881 508 924 necem:
527 879 607 941 quos
625 879 733 922 omnes
752 858 863 922 dextra
880 857 1033 943 Dryantis

224 945 358 1030 perculit
375 944 534 1010 adversos.
578 942 747 1008 adversum
765 954 799 1007 tu
817 963 957 1026 quoque,
976 944 1124 1026 quamvis

225 1042 315 1116 terga
332 1030 429 1115 fugae
446 1029 593 1105 dederas,
611 1030 742 1104 vulnus,
761 1026 918 1106 Crenaee,
936 1029 1049 1094 tulisti:

225 1139 299 1180 nam
316 1137 413 1201 grave
431 1114 600 1200 respiciens
618 1114 700 1179 inter
718 1113 781 1178 duo
799 1114 919 1178 lumina
936 1114 1067 1192 ferrum,

158 1222 206 1271 315
226 1223 289 1284 qua
305 1201 388 1265 naris
406 1201 502 1265 fronti
520 1200 734 1286 committitur,
753 1200 884 1285 accipis,
902 1200 994 1265 imae.

224 1287 362 1351 intanto
380 1286 508 1351 fremitu
526 1285 646 1350 cunctis
665 1285 732 1351 sine
749 1285 813 1350 fine
829 1285 954 1350 iacebat

225 1373 345 1458 sopitus
363 1372 451 1437 venis
470 1385 500 1438 et
517 1371 752 1456 inexperrectus
769 1371 926 1455 Aphidas,

224 1457 388 1544 languenti
410 1481 451 1523 ue
468 1481 565 1522 manu
582 1456 742 1522 carchesia
759 1457 858 1521 mixta
875 1456 1013 1534 tenebat,

133 1599 134 1602 ,
225 1544 316 1608 fusus
333 1543 366 1606 in
385 1480 527 1608 gssacae
545 1542 663 1607 villosis
680 1541 816 1628 pellibus
833 1565 936 1607 ursae.

158 1651 208 1700 320
226 1651 322 1712 quem
339 1630 449 1714 procul
466 1639 502 1692 ut
519 1629 598 1693 vidit
614 1627 731 1693 frustra
748 1629 836 1692 nulla
853 1651 940 1692 arma
957 1639 1150 1706 moventem,

225 1713 334 1779 inserit
351 1725 476 1779 amento
494 1713 609 1800 digitos
627 1714 815 1778 “miscenda
822 1713 904 1797 ”que
922 1713 1002 1779 dixit

226 1807 324 1865 “cum
342 1798 443 1886 Styge
461 1801 535 1864 vina
552 1798 667 1865 bibes'’
685 1798 830 1863 Phorbas
836 1824 845 1876 3
863 1820 923 1864 nec
939 1799 1032 1884 plura
1048 1811 1191 1866 moratus

117 1886 119 1891 ’
224 1885 258 1950 iu
275 1885 422 1950 iuvenem
440 1885 530 1950 torsit
546 1885 699 1960 iaculum,
717 1884 897 1968 ferrataque
916 1885 996 1949 collo

225 1970 383 2048 fraxinus,
401 1981 437 2035 ut
455 1994 530 2036 casu
547 1971 645 2036 iacuit
661 1971 840 2055 resupinus,
860 1970 972 2034 adacta
990 1981 1047 2035 est.

158 2077 207 2128 825
225 2079 309 2121 mors
328 2057 428 2121 caruit
446 2080 554 2133 sensu,
573 2058 730 2141 plenoque
748 2079 765 2121 e
783 2067 910 2141 gutture
928 2056 1019 2120 fluxit

224 2143 321 2224 inque
339 2154 423 2207 toros
440 2142 536 2226 inque
553 2143 623 2227 ipsa
640 2142 731 2227 niger
748 2141 908 2206 carchesia
926 2142 1066 2226 sanguis.

225 2228 291 2292 vidi
308 2251 368 2312 ego
385 2228 556 2294 Petraeum
574 2239 740 2292 conantem
758 2228 891 2292 evellere
909 2237 993 2291 terra

225 2314 433 2399 glandiferam
452 2335 618 2397 quercum:
638 2335 733 2396 quarn
751 2312 827 2376 dum
846 2312 1062 2397 complexibus
1081 2313 1181 2378 ambit

228 2410 259 2464 et
276 2399 377 2482 quatit
395 2399 457 2463 huc
474 2399 549 2463 illuc
566 2399 787 2481 labefactaque
805 2399 920 2462 robora
936 2396 1042 2473 iactat,

159 2506 209 2557 330
225 2486 335 2549 lancea
351 2484 486 2549 Pirithoi
504 2485 598 2549 costis
616 2484 755 2548 immissa
772 2483 899 2548 Petraei

248 2583 355 2635 ectora
372 2593 443 2634 curn
463 2570 541 2635 duro
558 2570 710 2634 luctantia
727 2569 839 2634 robore
857 2569 935 2632 fixit

224 2593 360 2719 Pirithoi
378 2657 528 2722 cecidisse
545 2658 673 2741 Lycum
691 2656 807 2720 virtute
822 2654 977 2730 ferebant,

224 2740 360 2805 Pirithoi
376 2741 491 2805 virtute
510 2739 672 2808 Chromin.
729 2741 785 2804 sed
801 2750 934 2823 uterque
951 2739 1107 2806 minorem

225 2826 336 2890 victori
354 2825 480 2890 titulum
498 2847 594 2909 quam
611 2825 726 2910 Dictys
743 2825 928 2910 Helopsque
946 2825 1112 2891 dederunt.

158 2931 207 2981 3³5
225 2913 308 2974 fixus
325 2912 449 2995 Helops
466 2911 583 2989 iaculo,
602 2912 687 2993 quod
704 2911 813 2996 pervia
830 2923 973 2995 tempora
989 2909 1076 2987 fecit,

226 3008 258 3061 et
275 2997 405 3060 missum
424 3020 443 3060 a
460 2997 572 3061 dextra
588 2997 711 3061 laevam
728 2995 905 3081 penetravit
922 2994 964 3059 ad
981 3018 1101 3061 aurem.

224 3082 339 3167 Dictys
358 3082 399 3145 ab
417 3081 546 3166 ancipiti
564 3080 711 3167 delapsus
729 3081 874 3146 acumine
891 3081 1017 3157 montis,

225 3169 302 3232 dum
319 3167 402 3252 fugit
418 3168 586 3232 instantem
605 3167 764 3252 trepidans
782 3167 893 3231 Ixione
910 3176 1029 3241 natum,

225 3253 341 3318 decidit
357 3253 390 3316 in
408 3275 558 3337 praeceps
576 3264 607 3318 et
623 3253 763 3338 pondere
781 3252 919 3338 corporis
937 3274 1051 3316 ornum

157 3360 207 3409 340
224 3338 386 3424 ingentem
403 3339 499 3425 fregit
516 3360 635 3421 suaque
652 3338 755 3402 induit
771 3337 824 3402 ilia
841 3338 970 3402 fractae.

225 3426 308 3489 ultor
325 3424 415 3488 adest
432 3424 601 3509 Aphareus
621 3445 795 3506 saxumque
814 3446 831 3488 e
849 3433 956 3488 monte
973 3423 1137 3488 revulsum

224 3510 348 3574 mittere
366 3521 507 3575 conatur.
551 3509 727 3574 mittentem
747 3509 853 3594 stipite
871 3530 992 3591 querno

224 3606 359 3681 occupat
376 3595 518 3681 Aegides
536 3594 697 3677 cubitique
713 3594 856 3680 ingentia
872 3594 992 3680 frangit

224 3702 310 3759 ossa3
327 3704 387 3747 nec
403 3681 535 3745 ulterius
554 3680 629 3744 dare
648 3703 761 3764 corpus
779 3679 889 3744 inutile
906 3680 969 3744 leto

156 3785 205 3836 345
224 3778 280 3831 aut
296 3777 389 3832 vacat
407 3776 462 3831 aut
479 3778 582 3843 curat3
601 3777 754 3850 tergoque
772 3765 918 3830 Bienoris
936 3764 992 3830 alti

48 3930 52 3941 Ι
222 3851 333 3929 insilit,
351 3851 437 3917 haud
455 3853 546 3917 solito
564 3873 757 3935 quemquam
773 3861 898 3936 portare
916 3850 976 3915 nisi
993 3851 1114 3935 ipsum3

117 3946 120 3951 '
223 3936 433 4023 opposuitque
450 3959 536 4023 genu
554 3939 660 4014 costis,
679 3958 889 4022 prensamque
907 3935 1033 4000 sinistra

223 4022 394 4091 caesariem
411 4023 548 4088 retinens
566 4023 690 4088 vultum
707 4021 946 4104 minitantiaque
964 4043 1020 4086 ora

106 4098 165 4173 *·.-'·-
222 4106 337 4179 robore
353 4108 473 4178 uodoso
491 4109 710 4199 praeduraque
729 4120 872 4194 tempora
888 4105 993 4194 fregit.
