2574 4478
172 325 235 393 102
415 353 417 359 ’
499 340 532 395 Ρ.
552 340 676 397 OVIDII
693 338 855 396 NASONIS

102 483 151 533 545
170 462 324 564 proiecto,
342 472 397 528 tua
414 462 499 528 facta
515 463 641 548 loquar:
660 464 687 527 si
704 464 795 548 eopia
814 464 914 540 detur,

169 573 203 614 111
220 549 354 634 populos
372 550 511 627 veniam;
529 549 557 613 si
574 549 660 614 silvis
679 551 786 613 clausa
804 549 944 624 tenebor,

170 634 308 719 implebo
326 635 421 701 silvas
440 647 471 700 et
489 635 615 700 conseia
633 658 709 699 saxa
726 635 875 699 movebo:

171 721 278 785 audiet
295 721 374 787 haee
392 721 500 786 aether
517 731 549 786 et
567 721 593 786 si
612 721 689 785 deus
707 721 791 784 ullus
808 720 842 784 in
858 719 912 784 illo
930 719 998 786 est?

170 806 286 870 talibus
304 806 351 870 ira
367 807 427 872 feri
444 818 612 892 postquam
630 817 787 870 commota
804 806 929 891 tyranni

102 911 152 961 550
168 914 228 956 nee
245 892 348 956 minor
364 892 424 957 hac
440 904 544 957 metus
562 902 623 969 est,
642 914 738 957 eausa
754 892 933 957 stimulatus
951 902 1095 977 utraque,

170 999 234 1061 quo
251 978 312 1042 fuit
329 978 503 1055 aeoinotus,
521 978 637 1062 vagina
653 977 767 1041 liberat
784 1000 901 1055 ensem,

171 1087 240 1128 arre
263 1075 391 1147 tamque
409 1086 500 1128 ooma
516 1064 606 1128 flexis
624 1074 696 1148 post
714 1073 803 1149 terga
820 1063 944 1128 laoertis

171 1088 275 1214 vinela
292 1149 359 1234 pati
376 1149 471 1234 cogit.
514 1149 661 1234 iugulum
676 1148 855 1213 Philomela
872 1150 1006 1234 parabat

170 1256 322 1320 spemque
340 1258 415 1300 suae
432 1234 542 1298 mortis
560 1234 627 1298 viso
645 1248 832 1319 oonoeperat
850 1257 935 1300 ense.

102 1339 151 1389 555
170 1322 222 1386 ἰ110
239 1321 457 1406 indignantem
475 1332 507 1385 et
522 1343 638 1384 nomen
657 1320 754 1405 patris
772 1342 872 1403 usque
891 1331 1057 1387 vocantem

169 1407 403 1489 luctantemque
419 1406 506 1489 loqui
524 1428 742 1490 comprensam
760 1406 880 1490 foroipe
896 1407 1039 1492 linguam

90 1527 92 1530 ⁴
170 1491 299 1556 abstulit
317 1515 392 1557 ense
409 1491 487 1556 fero.
531 1491 622 1555 radix
639 1491 735 1556 minat
750 1491 862 1555 ultima
878 1492 1017 1578 linguae,

169 1578 239 1662 ipsa
255 1579 337 1642 iacet
354 1588 519 1660 terraeque
537 1587 672 1642 tremens
689 1576 899 1642 inmurmurat
917 1590 1013 1644 atrae.

170 1673 268 1745 utque
286 1662 377 1728 salire
395 1663 475 1728 solet
491 1663 654 1728 mutilatae
671 1662 774 1727 cauda
792 1663 950 1738 colubrae,

102 1767 152 1818 560
169 1749 302 1834 palpitat
320 1759 351 1813 et
367 1747 503 1814 moriens
522 1748 668 1814 dominae
685 1747 821 1833 vestigia
837 1749 970 1832 quaerit.

170 1834 230 1898 hoo
248 1855 375 1918 quoque
392 1845 463 1920 post
481 1833 605 1898 facinus
621 1869 665 1880 -
677 1833 732 1897 vix
749 1833 851 1898 ausim
870 1836 997 1900 eredere
1015 1873 1056 1883 -
1075 1838 1176 1904 fertur

171 1942 265 2004 saepe
284 1943 342 1984 sua
358 1920 498 1984 lacerum
516 1919 667 2004 repetisse
683 1918 815 1984 libidine
833 1941 957 2005 eorpus.

171 2005 303 2069 sustinet
320 2004 361 2069 ad
377 2004 527 2090 Prognen
544 2016 617 2090 post
634 2004 709 2069 talia
725 2005 811 2070 faeta
827 2005 952 2082 reverti,

171 2089 304 2176 coniuge
323 2113 405 2174 quae
423 2092 491 2155 viso
509 2113 693 2177 germanam
711 2091 843 2174 quaerit.
888 2102 921 2155 at
936 2093 990 2157 ille

103 2193 152 2243 505
171 2176 226 2240 dat
241 2176 378 2261 gemitus
396 2176 485 2241 fiotos
504 2186 744 2259 commentaque
761 2177 874 2240 funera
890 2189 1006 2244 narrat.

169 2273 201 2326 et
217 2262 365 2328 lacrimae
381 2261 485 2328 fecere
501 2262 607 2326 fidem.
651 2261 808 2326 velamina
823 2261 953 2348 Progne

170 2347 285 2432 deripit
302 2371 342 2412 ex
359 2348 475 2413 umeris
494 2371 571 2412 auro
589 2347 744 2434 fulgentia
761 2348 824 2411 lato

169 2432 373 2516 induiturque
391 2445 475 2497 atras
492 2445 596 2498 vestes
614 2446 646 2498 et
662 2433 756 2498 inane
773 2433 953 2517 sepulerum

171 2518 331 2583 constituit
347 2518 498 2602 falsisque
516 2519 642 2604 piacula
652 2518 805 2583 Manibus
823 2517 918 2583 infert

102 2622 152 2672 570
171 2616 202 2668 et
218 2604 307 2689 luget
324 2627 387 2668 non
405 2604 450 2669 sio
467 2604 624 2690 lugendae
641 2604 708 2668 fata
726 2604 849 2668 sororis.

170 2689 262 2774 signa
279 2689 356 2754 deus
373 2689 423 2753 bis
441 2713 497 2754 sex
515 2699 585 2754 aeto
603 2689 791 2753 lustraverat
807 2710 900 2753 anno.

170 2774 247 2857 quid
264 2774 361 2839 faeiat
377 2773 574 2838 Philomela?
591 2773 702 2859 fugam
721 2774 864 2839 custodia
882 2775 1014 2854 claudit3

169 2870 288 2925 structa
305 2860 408 2945 rigent
425 2860 525 2924 solido
542 2860 737 2924 stabulorum
754 2859 881 2924 moenia
898 2883 989 2938 sax03

171 2967 205 3009 os
223 2957 346 3009 mutum
364 2945 440 3010 faeti
458 2955 544 3010 earet
560 2945 674 3010 indice.
718 2946 838 3030 grande
856 2945 972 3010 doloris

103 3050 151 3099 575
169 3031 332 3116 ingenium
350 3043 413 3108 est,
431 3030 616 3113 miserisque
635 3029 721 3095 venit
738 3030 876 3095 sollertia
892 3031 997 3096 rebus.

170 3116 304 3181 stamina
322 3116 486 3180 barbarica
504 3115 667 3200 suspendit
685 3116 799 3180 callida
816 3117 879 3180 tela

169 3223 406 3286 purpureasque
422 3213 513 3266 notas
531 3202 591 3265 filis
609 3200 742 3266 intexuit
760 3201 850 3278 albis,

169 3288 320 3351 indicium
338 3287 477 3363 sceleris,
495 3287 698 3371 perfectaque
715 3287 844 3351 tradidit
860 3286 926 3364 uni,

171 3386 268 3456 utque
287 3373 367 3437 ferat
385 3372 545 3450 dominae,
563 3383 656 3457 gestu
674 3383 774 3457 rogat.
817 3373 868 3436 ille
888 3384 999 3457 rogata

103 3476 153 3525 580
170 3459 299 3542 pertulit
317 3458 357 3521 ad
374 3458 540 3542 Prognen,
557 3479 617 3522 neo
634 3457 693 3522 seit
710 3458 787 3541 quid
804 3457 906 3523 tradat
923 3458 955 3521 in
973 3459 1045 3523 illis.

170 3544 288 3609 evolvit
304 3555 407 3608 vestes
426 3543 513 3607 saevi
529 3554 674 3607 matrona
690 3544 816 3627 tyranni

170 3652 402 3715 germanaeque
420 3651 495 3693 suae
513 3651 640 3693 carmen
658 3628 834 3693 miserabile
851 3628 930 3714 legit

170 3727 203 3781 et
219 3713 348 3795 (mirum
365 3714 520 3800 potuisse)
539 3715 617 3778 silet.
662 3715 751 3779 dolor
768 3736 823 3778 ora
839 3714 998 3798 repressit,

170 3801 330 3883 verbaque
349 3800 509 3884 quaerenti
529 3800 603 3863 satis
621 3799 819 3885 indignantia
835 3799 964 3883 linguae

102 3908 150 3958 585
170 3887 351 3952 defuerunt:
368 3909 428 3950 neo
444 3887 518 3950 flere
536 3896 641 3962 vacat,
660 3885 716 3949 sed
733 3885 844 3967 fasque
861 3885 1015 3969 nefasque

170 3973 340 4038 confusura
356 3972 432 4048 ruit,
450 3991 633 4056 poenaeque
651 3971 684 4034 in
701 3971 837 4056 imagine
855 3981 922 4034 tota
939 3983 997 4036 est.

212 4059 353 4141 Tempus
371 4069 452 4133 erat,
471 4078 534 4140 quo
552 4078 642 4120 saora
658 4054 758 4121 solent
777 4055 933 4121 trieterica
950 4057 1071 4123 Bacchi

162 4142 331 4212 Sithoniae
351 4142 509 4211 celebrare
526 4164 634 4210 nurus.
678 4163 743 4207 nox
759 4142 886 4209 eonsoia
902 4142 1009 4222 saeris,
