2574 4478
184 262 551 332 murnuomnosnort
567 271 640 330 Lm.
658 270 693 331 v.
706 273 850 330 arr-ara.
869 270 1023 332 m1-1a.
1073 254 1115 324 89

95 400 182 466 dona
199 401 267 465 fero
287 397 425 478 Cereris,
443 400 524 464 latos
541 420 623 482 quae
641 422 749 485 sparsa
767 422 824 484 per
841 420 933 483 agros
1133 413 1183 465 655

95 486 148 552 fru
174 487 268 551 'eras
286 509 404 551 messes
422 486 632 568 alimentaque
649 485 737 549 mitia
753 482 928 549 reddant.’''

95 572 155 637 bar
179 594 253 636 arus
269 571 395 649 invidit,
412 571 554 654 tantique
571 585 607 634 ut
622 571 761 635 muneris
779 580 888 633 auctor

95 657 166 743 ipse
184 657 238 734 sit,
257 657 392 742 hospitio
409 656 521 741 recipit
539 676 711 739 somnoque
728 665 895 740 gravatum

97 742 284 828 aggreditur
300 742 393 806 ferro.
437 752 603 806 conantem
620 741 717 826 figere
734 751 845 826 pectus

95 829 193 914 lynca
212 824 309 893 Ceres
327 827 416 902 fecit,
433 847 605 910 rursusque
622 849 680 911 per
697 832 770 891 ae'ra
786 825 876 890 iussit
1134 845 1184 895 aas

95 913 305 999 Mopsopium
315 914 469 984 ,iuvenem
487 933 592 976 sacros
610 913 730 1011 agitare
746 911 898 996 iugales.''

139 998 284 1063 Finierat
293 999 400 1063 doctos
418 1020 436 1062 e
453 997 545 1061 nobis
562 1020 701 1061 mamma
718 1009 838 1061 cantus.
1034 994 1149 1048 Hatra
1160 1002 1184 1047 0²

97 1097 131 1149 at
147 1084 309 1170 nymphae
326 1084 438 1148 vicisse
456 1083 531 1147 deas
549 1083 706 1146 Helicona
723 1084 860 1147 colentes
1060 1063 1162 1117 MW·

98 1170 248 1235 concordi
265 1169 373 1233 dixere
390 1189 478 1233 sono.
522 1167 665 1232 convicia
681 1166 783 1232 victae

97 1278 173 1320 cum
190 1255 341 1329 facerent,
360 1252 558 1337 “quoniam'’
577 1252 657 1317 dixit
674 1253 869 1318 “certamine
886 1252 976 1317 vobis
1135 1271 1184 1321 665

98 1340 290 1426 supplicium
307 1339 459 1404 meruisse
476 1361 589 1424 parum
606 1349 668 1416 ast,
686 1339 915 1422 maledictaque
933 1339 1044 1423 culpae

98 1426 231 1502 additis,
249 1435 280 1490 et
297 1447 361 1489 non
378 1435 426 1489 est
441 1424 594 1510 patientia
609 1424 709 1490 libera
725 1425 830 1489 nobis:

97 1512 215 1576 ibimus
233 1512 267 1574 in
284 1532 403 1595 poenas
421 1522 467 1587 et,
485 1531 549 1593 qua
565 1521 659 1575 vocat
674 1511 736 1587 ira,
754 1509 952 1594 sequemur.''

97 1597 204 1662 rident
222 1594 409 1660 Emathides
426 1606 641 1681 spernuntque
658 1596 794 1661 minacia
811 1596 921 1660 verba:

99 1693 295 1765 conataeque
311 1680 399 1764 loqui
416 1693 448 1745 et
463 1703 580 1767 magno
598 1682 735 1746 clamore
751 1693 913 1766 protervas
1136 1699 1185 1748 670

97 1769 255 1833 intentare
272 1789 399 1843 manus,
418 1789 537 1851 pennas
556 1766 641 1832 exire
658 1789 715 1852 per
732 1789 855 1852 ungues

99 1875 253 1939 aspexere
271 1873 360 1928 suos,
378 1852 493 1937 operiri
510 1852 659 1916 bracchia
675 1852 805 1936 plumis:

99 1941 263 2021 alteraque
280 1935 408 2002 alterius
425 1937 528 2022 rigido
547 1959 746 2002 concrescere
763 1949 864 2001 rostro

98 2048 156 2091 ora
173 2024 275 2101 videt,
292 2023 498 2106 volucresque
515 2044 614 2087 novas
631 2022 780 2088 accedere
798 2022 893 2086 silvis.

99 2112 242 2194 dumque
259 2109 371 2172 volunt
386 2108 509 2194 plangi,
526 2130 585 2193 per
600 2106 746 2172 bracchia
762 2119 848 2172 mota
865 2109 996 2173 levatae'
1137 2127 1186 2177 675

99 2203 173 2261 ae're
190 2194 386 2281 pendebant,
403 2216 567 2258 nemorum
585 2192 741 2269 convicia,
759 2193 858 2277 picae.

98 2303 186 2347 nunc
203 2301 330 2365 quoque
347 2279 381 2344 in
398 2278 524 2344 alitibus
542 2279 689 2344 facundia
705 2277 809 2363 prisca
825 2277 975 2342 remansit

99 2389 261 2452 raucaque
278 2364 446 2452 garrulitas
464 2365 665 2449 studiumque
682 2364 819 2428 immane
835 2363 1005 2446 loquendi?

465 2635 581 2692 LIBER
598 2633 753 2692 SEXTUS.

99 2794 299 2861 Praebuerat
316 2792 407 2858 dictis
425 2792 568 2857 Tritonia
584 2791 701 2857 talibus
719 2814 821 2869 aures,
1058 2790 1152 2844 Pallas
1163 2799 1188 2844 er

101 2881 305 2963 carminaque
322 2878 485 2943 Aonidum
502 2879 682 2963 iustamque
699 2879 888 2964 probaverat
903 2877 992 2942 iram.
1058 2859 1186 2913 Arachne.

100 2977 170 3031 tum
187 2987 296 3030 aecum
314 2964 457 3029 ‘laudare
474 2987 588 3050 parum
605 2976 666 3030 est:
684 2964 851 3030 laudemur
867 2975 899 3028 et
914 2963 1013 3048 ipsae,

100 3049 233 3115 numina
249 3071 309 3114 nec
327 3050 432 3136 sperni
449 3050 516 3115 sine
533 3072 636 3136 poena
652 3060 758 3115 nostra
775 3048 935 3125 sinamus,'

101 3135 334 3219 Maeoniaeque
352 3136 491 3200 animum
508 3135 581 3201 fatis
598 3135 732 3201 intendit
748 3134 925 3211 Arachnes,
1137 3154 1153 3203 5

102 3242 200 3305 quam
218 3220 279 3285 sibi
295 3220 438 3286 lanificae
454 3244 518 3286 non
536 3221 646 3287 cedere
663 3220 810 3286 laudibus
828 3219 904 3284 artis

103 3306 257 3371 audierat.
300 3328 364 3370 non
380 3306 435 3371 illa
451 3307 521 3372 loco
538 3328 640 3390 neque
658 3307 704 3371 ori
728 3306 736 3321 ’
760 3329 778 3371 e
796 3303 900 3391 gentis

102 3393 203 3469 clara,
221 3391 278 3456 sed
295 3401 361 3456 arte
378 3391 448 3456 fuit.
491 3402 581 3477 pater
597 3391 671 3454 huic
719 3390 907 3475 olophonius
925 3390 1039 3453 Idmon

101 3476 263 3541 Phocaico
280 3476 405 3541 bibulas
422 3477 586 3562 tinguebat
602 3474 721 3540 murice
738 3476 838 3539 lanas.

103 3561 263 3627 occiderat
279 3573 393 3626 mater:
411 3563 467 3626 sed
485 3572 517 3627 et
533 3562 611 3626 haec
628 3561 668 3625 de
685 3560 778 3646 plebe
796 3582 917 3645 suoque
1139 3580 1172 3631 ιο
1262 3579 1265 3584 ’

103 3670 207 3732 aequa
224 3647 292 3711 viro
309 3647 422 3712 fuerat.
465 3646 575 3732 Lydas
593 3657 699 3710 tamen
715 3646 770 3709 illa
786 3668 843 3731 per
860 3646 955 3710 urbes

103 3732 283 3817 quaesierat
299 3733 402 3797 studio
419 3753 533 3796 nomen
551 3731 769 3808 memorabile,
787 3731 931 3815 quamvis

103 3832 172 3884 orta
190 3819 285 3883 domo
303 3839 401 3902 parva
417 3817 521 3903 parvis
538 3817 700 3881 habitabat
719 3817 895 3902 Hypaepis.

103 3905 200 3970 huius
217 3915 254 3968 ut
271 3903 445 3988 aspicerent
462 3925 541 3988 opus
560 3903 759 3977 admirabile,
778 3925 872 3988 saepe

105 3991 273 4056 deseruere
291 3987 341 4053 sui
357 3987 513 4073 nymphae
532 3989 637 4054 vineta
653 3987 782 4064 Timoli,

106 4075 275 4142 deseruere
292 4096 366 4139 suas
382 4071 540 4162 nymphae
556 4073 737 4142 Pactolides
754 4073 867 4141 undas.
