2574 4478
230 195 597 254 METAMORPHOSEON
613 197 685 252 LIB.
704 197 755 252 IX.
774 196 919 254 363--45c
1028 182 1090 250 155

65 324 157 389 vivus
176 321 281 386 adhuc
299 331 402 396 vatcs3
420 321 569 402 ultusque
587 332 717 405 parente
735 331 899 404 parentem

65 420 159 474 natus
177 407 237 472 erit
254 407 338 470 facto
357 405 428 490 pius
447 417 479 469 et
496 406 667 470 sceleratus
686 405 812 482 eodem3

65 494 280 576 attonitusque
298 492 403 566 malis,
422 490 496 555 exul
513 491 689 574 mentisque
708 492 893 574 domusque,

65 579 208 645 vultibus
224 576 440 641 Eumenidum
457 576 629 658 matrisque
647 576 818 661 agitabitur
834 577 966 655 umbris,
1106 598 1157 648 410

64 667 168 730 donec
186 687 260 728 eum
278 662 414 727 coniunx
432 661 527 726 fatale
544 662 724 747 poposcerit
741 685 864 737 aurum,

64 760 302 836 cognatumque
319 749 402 812 latus
419 746 581 832 Phegeius
599 747 740 811 hauserit
757 746 850 811 ensis.

63 848 135 900 tum
154 835 282 899 demum
299 853 416 918 magno
434 842 520 917 petet
536 832 594 897 hos
611 832 768 897 Acheloia
784 832 919 917 supplex

62 922 106 986 ab
124 920 203 984 Iove
222 916 382 983 callirhoe
399 917 481 981 natis
499 916 673 981 infantibus
692 939 800 982 annos.

61 1029 147 1071 neve
164 1026 275 1069 necem
292 1003 375 1067 sinat
392 1025 461 1067 esse
478 1002 528 1067 sui
545 1004 672 1067 cultoris
691 1003 833 1077 inultam,
1106 1025 1156 1074 415

60 1090 210 1176 Iuppiter
227 1089 276 1152 his
294 1099 399 1152 motus
416 1088 581 1172 privignae
599 1089 683 1152 dona
699 1109 862 1170 nurusque

61 1175 239 1263 praecipiet
267 1173 425 1257 facietque
443 1173 526 1237 viros
544 1173 727 1258 impubibus
745 1172 856 1237 annis!

107 1263 201 1325 Haec
217 1259 273 1323 ubi
290 1259 428 1323 faticano
446 1258 570 1323 venturi
587 1259 729 1343 praescia
746 1258 825 1322 dixit
1029 1258 1146 1311 Deorum

61 1370 119 1412 ore
137 1344 283 1421 Themis,
303 1344 389 1407 vario
407 1345 513 1429 superi
532 1366 674 1409 sermone
692 1344 879 1421 fremebant,
1018 1344 1156 1381 mmm·

61 1443 111 1509 et,
130 1453 188 1496 cur
204 1452 269 1494 non
287 1428 355 1493 aliis
374 1430 484 1494 eadem
502 1430 578 1494 dare
596 1430 678 1493 dona
695 1430 813 1505 liceret,
1106 1450 1157 1500 420

60 1539 210 1583 murmur
227 1524 303 1580 erat.
347 1515 488 1596 queritur
505 1526 626 1579 veteres
644 1515 819 1579 Pallantias
837 1538 936 1580 annos

61 1601 210 1687 coniugis
229 1622 298 1665 esse
316 1600 380 1664 sui:
399 1599 541 1682 queritur
558 1622 724 1665 canescere
741 1599 825 1664 mitis

60 1688 194 1753 Iasiona
212 1683 325 1750 Ceres:
343 1685 511 1770 repetitum
529 1685 691 1751 Mulciber
707 1709 821 1752 aevum

61 1773 168 1860 poscit
184 1770 405 1836 Erichthonio:
424 1771 582 1836 Venerem
601 1792 728 1854 quoque
746 1794 821 1836 cura
838 1771 937 1836 futuri

60 1858 169 1944 tangit
186 1868 218 1920 et
235 1855 397 1921 Anchisae
414 1879 567 1921 renovare
584 1856 754 1940 paciscitur
771 1879 880 1921 annos.

62 1944 118 2010 cui
136 1942 276 2018 studeat,
294 1941 373 2006 deus
391 1941 492 2006 omnis
510 1942 620 2019 habet3
638 1944 812 2027 crescitque
829 1942 940 2008 favore

61 2028 194 2095 turbida
212 2027 334 2103 seditio,
352 2027 453 2092 donec
471 2051 529 2091 sua
545 2027 690 2112 Iuppiter
707 2050 763 2092 ora

62 2114 159 2180 solvit
178 2123 209 2177 et
227 2112 274 2177 ‘ol
292 2113 391 2176 nostri
408 2112 435 2176 si
452 2133 516 2196 qua
534 2124 581 2177 est
598 2112 791 2189 reverentia‚’
811 2113 889 2177 dixit

62 2208 145 2284 ‘quo
162 2197 271 2263 ruitis?
288 2208 451 2262 tantumne
469 2197 582 2281 aliquis
600 2198 661 2261 sibi
677 2221 770 2283 posse
788 2198 923 2275 videtur,

61 2287 133 2351 fata
150 2304 277 2368 quoque
295 2294 330 2347 ut
349 2284 495 2367 superet?
520 2283 594 2347 fatis
612 2284 719 2348 Iolaus
736 2285 768 2346 in
787 2306 896 2360 annos,

87 2391 146 2434 uos
164 2369 245 2453 egit,
264 2367 370 2432 rediit:
389 2368 463 2433 fatis
480 2368 684 2433 iuvenescere
702 2368 819 2435 debent

63 2394 229 2521 dallirhoe·
245 2453 359 2539 geniti,
376 2473 441 2518 non
459 2454 629 2519 ambitione
647 2476 706 2518 nec
724 2455 828 2518 armis.

62 2565 122 2606 vos
141 2540 237 2604 etiam
254 2536 396 2622 (quoque
414 2539 475 2604 hoc
492 2540 597 2603 animo
615 2540 744 2604 meliore
761 2539 884 2605 feratis:

62 2650 116 2692 me
134 2625 277 2708 quoque)
294 2623 361 2688 fata
377 2636 502 2710 regunt.
546 2646 628 2708 quae
646 2625 673 2689 si
689 2635 812 2689 mutare
829 2627 976 2704 valerem,
1015 2644 1022 2655 ’·

62 2734 125 2778 nec
141 2720 286 2774 nostrum
303 2709 366 2774 seri
383 2721 550 2775 curvarent
567 2712 700 2776 Aeacon
717 2711 801 2787 anni,

63 2807 318 2883 perpetuumque
336 2795 407 2860 aevi
423 2796 534 2862 florem
551 2795 813 2861 Rhadamanthus
830 2797 961 2862 haberet

64 2907 139 2948 cum
157 2881 368 2957 Minoe-meo,
387 2880 442 2964 qui
459 2892 588 2966 propter
606 2905 714 2946 amara
730 2894 875 2949 senectae

63 2967 209 3056 pondera
226 2966 397 3051 despicitur
413 2990 472 3031 nec
490 2989 553 3051 quo
571 2968 659 3052 prius
677 2968 786 3032 ordine
803 2967 934 3054 regnat.’

64 3055 152 3118 dicta
168 3051 254 3116 Iovis
271 3074 399 3116 movere
416 3052 507 3129 de0s3
525 3076 584 3118 nec
602 3054 735 3119 sustinet
751 3054 845 3129 ullus,

65 3161 139 3204 cum
158 3137 265 3202 videat
281 3138 382 3201 fessos
399 3137 665 3202 Rhadamanthon
684 3150 715 3203 et
733 3140 864 3205 Aeacon
882 3138 972 3204 annis

65 3236 96 3290 et
112 3224 241 3298 Minoa,
259 3222 358 3306 queri.
381 3223 451 3305 qui,
469 3224 545 3288 dum
562 3223 624 3288 suit
639 3224 762 3310 integer
779 3226 859 3302 aevi,

64 3320 219 3375 terruerat
236 3330 369 3393 magnas
387 3308 456 3393 ipso
474 3330 600 3392 quoque
619 3311 745 3376 nomine
762 3323 887 3396 gentes3

64 3407 141 3459 tunc
160 3404 226 3458 erat
244 3393 411 3470 invalidus,
429 3395 672 3478 Deionidenque
689 3397 836 3462 iuventae

64 3480 178 3545 robore
195 3478 345 3544 Miletum
362 3478 557 3563 Phoeboque
575 3493 705 3566 parente
723 3483 895 3567 superbum

64 3564 241 3716 pertimuit,
260 3564 454 3648 credensque
472 3567 537 3630 suis
554 3590 717 3652 insurgere
734 3569 839 3653 regnis

86 3652 151 3716 aud
169 3662 275 3714 tamen
294 3661 341 3715 est
357 3652 466 3736 patriis
484 3675 590 3717 arcere
607 3652 783 3718 Penatibus
801 3676 906 3719 ausus.

65 3746 177 3822 sponte
195 3735 295 3821 fugis,
312 3735 441 3814 Mileto,
458 3749 528 3815 tua,
546 3739 702 3821 celerique
720 3739 827 3804 carina

64 3823 213 3906 Aegaeas
231 3821 350 3886 metiris
367 3845 466 3906 aquas
484 3835 515 3888 et
532 3824 564 3888 in
583 3824 683 3889 Aside
702 3837 785 3889 terra

64 3907 190 3971 moenia
207 3906 370 3972 constituis
388 3909 533 3993 positoris
551 3909 700 3976 habentia
717 3932 842 3977 nomen.

63 3990 115 4058 hic
133 3991 205 4070 tibi,
224 3992 300 4058 dum
318 3995 460 4078 sequitur
475 3995 595 4081 patriae
613 3996 796 4064 curvamina
812 3998 909 4088 ripae,
