2574 4478
156 246 220 316 256
492 262 526 321 Ρ.
545 266 669 325 OVIDII
684 268 846 327 NASONIS

155 387 272 471 vixque
289 388 471 474 pererratis,
489 411 572 475 quae
590 404 733 479 spectant
749 393 854 470 litora,
871 390 971 467 terris,

156 472 276 538 invenit
294 475 429 541 Aesarei
447 476 558 542 fatalia
574 479 714 545 fluminis
731 502 787 545 ora

106 576 139 627 to
157 580 216 623 nec
234 560 344 644 procul
362 560 436 626 hinc
454 565 628 642 tumulum,
648 567 707 630 sub
724 588 789 650 quo
806 573 929 630 sacrata
946 556 1088 626 Crotonis

156 665 227 708 ossa
245 646 374 730 tegebat
391 645 522 726 humus3
540 649 689 733 iussaque
706 652 752 716 ibi
769 650 894 716 moenia
911 658 994 712 terra

155 730 296 795 condidit
313 742 345 797 et
362 753 478 798 nomen
495 737 642 799 tumulati
660 737 755 800 traxit
771 736 805 799 iu
822 731 956 799 urbem?

154 814 230 879 talia
247 817 413 882 constabat
430 829 516 884 certa
532 818 704 903 primordia
720 820 807 881 fama

155 922 223 965 esse
241 902 303 966 loci
320 903 503 988 positaeque
521 903 610 968 Italis
627 903 660 966 in
677 902 791 964 finibus
810 902 910 964 urbis.

104 1005 137 1055 60
196 985 256 1050 Vir
273 988 335 1051 fuit
351 988 416 1061 hic,
436 999 505 1051 ortu
524 985 661 1052 Samius.
688 985 743 1049 sed
761 984 890 1067 fugerat
907 1009 982 1052 una
1012 1002 1152 1072 {patum

154 1081 186 1135 et
204 1069 324 1136 Samon
342 1083 373 1136 et
391 1072 548 1145 dominos,
566 1070 701 1150 odioque
719 1068 896 1152 tyrannidis
917 1072 999 1137 exul

154 1168 266 1242 sponte
284 1167 360 1221 erat.
403 1157 506 1239 isque,
523 1156 597 1219 licet
615 1153 694 1218 caeli
711 1153 840 1238 regione
857 1169 1015 1237 remotos,

155 1253 261 1306 mente
279 1242 355 1305 deos
373 1241 449 1304 adiit
467 1250 512 1316 et,
530 1260 612 1321 quae
629 1249 744 1303 natura
760 1240 906 1324 negabat

154 1328 274 1392 visibus
293 1326 452 1402 humanis,
470 1325 568 1389 oculis
586 1348 624 1390 ea
641 1326 777 1410 pectoris
795 1325 912 1391 hausit.

103 1435 135 1484 aa
155 1435 290 1496 cumque
308 1412 411 1476 animo
429 1421 461 1475 et
478 1411 566 1496 vigili
583 1421 787 1496 perspexerat
804 1411 912 1477 omnia
929 1435 1019 1492 cura,

153 1499 187 1564 in
203 1498 342 1565 madium
360 1496 509 1560 discenda
527 1497 637 1574 dabat,
656 1510 826 1580 coetusque
844 1498 998 1563 silentum

154 1585 301 1667 dictaque
318 1581 488 1646 mirantum
505 1582 614 1668 magni
631 1583 802 1668 primordia
819 1584 931 1648 mundi

155 1680 187 1735 et
202 1691 306 1734 rerum
325 1689 436 1732 causas
454 1678 500 1743 et,
518 1669 595 1751 quid
613 1678 740 1744 natura,
759 1669 906 1733 docebat:

154 1755 231 1838 quid
248 1755 340 1830 deus,
357 1754 443 1818 unde
459 1754 563 1829 nives,
581 1776 664 1838 quae
681 1754 822 1818 fulminis
841 1765 924 1819 esset
941 1756 1043 1842 origo,

103 1864 136 1913 70
154 1840 297 1988 Iuppiter
314 1863 355 1903 an
372 1839 458 1904 venti
476 1839 618 1904 discussa
635 1839 720 1904 nube
738 1851 892 1917 tonarent,

153 1947 208 2008 qur
248 1936 392 2008 quateret
408 1935 522 2000 terras,
541 1947 604 2008 qua
621 1925 725 1989 sidera
741 1926 813 2010 lege
831 1938 986 2004 mearent,

153 2021 185 2076 et
202 2010 425 2094 quodcumque
441 2011 527 2076 latet.
571 2010 755 2096 primusque
772 2010 922 2075 animalia
939 2012 1057 2079 mensis

152 2096 257 2181 arguit
274 2096 409 2180 imponi;
426 2097 546 2182 primus
564 2116 691 2179 quoque
709 2096 825 2160 talibus
843 2119 899 2160 ora

152 2181 245 2245 docta
263 2182 392 2264 quidem
410 2181 517 2258 solvit,
535 2182 673 2246 sednon
691 2192 723 2245 et
741 2182 874 2257 credita,
892 2183 1014 2248 verbis:

101 2289 134 2338 75
153 2267 301 2352 ‘parcite,
318 2267 481 2344 mortales,
500 2267 634 2352 dapibus
653 2278 806 2333 temerare
824 2266 972 2333 nefandis

153 2352 298 2437 corpora!
325 2363 400 2418 sunt
416 2352 539 2438 fruges,
558 2363 630 2417 sunt
649 2352 839 2417 deducentia
855 2375 962 2417 ramos

152 2438 292 2524 pondere
309 2460 405 2524 poma
422 2460 489 2514 suo,
507 2438 712 2521 tumidaeque
728 2438 763 2502 in
780 2437 897 2502 vitibus
916 2461 1014 2516 uvae3

154 2536 227 2589 sunt
244 2524 360 2590 herbae
379 2524 502 2601 dulces,
521 2535 595 2588 sunt
612 2544 695 2606 quae
712 2524 876 2589 mitescere
894 2523 1025 2590 flamma

152 2610 329 2694 mollirique
347 2620 474 2694 queant.
517 2631 577 2674 nec
593 2610 684 2673 vobis
701 2609 822 2674 lacteus
840 2631 933 2673 umor

103 2717 136 2769 80
154 2696 285 2780 eripitur
301 2718 360 2760 nec
378 2695 472 2760 mella
489 2694 591 2779 thymi
608 2694 781 2759 redolentia
798 2694 919 2759 florem.

153 2781 287 2866 prodiga
304 2780 428 2845 divitias
446 2779 657 2862 alimentaque
675 2780 763 2844 mitia
779 2780 872 2844 tellus

154 2867 297 2952 suggerit
313 2878 408 2949 atque
426 2867 534 2950 epulas
552 2866 620 2930 sine
638 2865 735 2930 caede
753 2876 785 2929 et
802 2865 958 2951 sanguine
976 2866 1105 2953 praebet.

154 2975 248 3018 carne
265 2953 351 3018 ferae
369 2951 481 3016 sedant
497 2950 627 3016 ieiunia:
646 2973 705 3015 nec
723 2962 829 3015 tamen
847 2973 967 3016 omnes.

154 3039 272 3125 quippe
290 3059 390 3121 equus
408 3048 440 3102 et
456 3036 593 3121 pecudes
611 3047 815 3119 armentaque
833 3036 978 3121 gramine
995 3038 1108 3102 vivunt:

103 3148 136 3198 85
154 3124 318 3208 atquibus
335 3123 499 3208 ingenium
516 3132 564 3187 est
580 3122 876 3206 inmansuetumque
895 3123 1070 3208 ferumque,

153 3209 326 3275 Armeniae
343 3209 440 3294 tigres
457 3207 664 3291 iracundique
682 3209 788 3272 leones

155 3316 290 3378 cumque
307 3295 390 3379 lupis
407 3293 486 3369 ursi,
505 3292 640 3378 dapibus
659 3315 732 3358 cum
749 3292 904 3378 sanguiue
921 3294 1070 3380 gaudent

154 3383 217 3447 heu
234 3392 389 3464 quantum
407 3380 508 3444 scelus
527 3389 589 3455 est,
607 3377 640 3441 in
657 3379 779 3443 viscera
795 3379 917 3444 viscera
935 3380 1039 3458 condi,

155 3479 369 3552 congestoque
387 3465 516 3529 avidum
531 3463 739 3549 pinguescere
757 3486 887 3548 corpore
906 3486 1031 3552 corpus,

107 3580 139 3627 90
155 3553 347 3635 alteriusque
365 3551 555 3615 animantem
574 3550 740 3613 animantis
759 3550 865 3614 vivere
882 3550 961 3615 letol

155 3640 272 3705 scilicet
289 3638 322 3701 in
340 3637 434 3701 tantis
452 3636 580 3721 opibus,
598 3656 677 3718 quas
694 3635 813 3720 optima
829 3647 968 3701 matrum

155 3738 239 3790 terra
256 3734 355 3799 creat,
373 3722 417 3786 nil
435 3721 545 3786 tenisi
562 3720 662 3785 tristia
678 3721 827 3785 mandere
845 3743 940 3786 saevo

156 3812 284 3874 vulnera
303 3810 396 3873 dente
414 3809 502 3871 iuvat
518 3807 660 3890 ritusque
677 3806 794 3871 referre
812 3804 1010 3893 Cyclopum?

156 3919 228 3970 nec,
246 3895 306 3959 nisi
324 3894 497 3981 perdideris
515 3893 626 3967 alium,
644 3892 770 3977 placare
788 3892 910 3956 voracis

107 4005 139 4052 95
157 3992 189 4045 et
206 3982 288 4045 male
306 3980 418 4043 morati
435 3979 551 4064 poteris
568 3978 686 4042 ieiunia
703 3976 839 4042 ventris?

158 4078 190 4130 at
208 4078 297 4130 vetus
315 4066 369 4130 illa
386 4077 486 4142 aetas,
505 4063 556 4129 cui
573 4063 706 4128 fecimus
724 4086 819 4128 aurea
836 4085 962 4141 nomen,
