2574 4478
261 236 626 295 METAMORPHOSEON
643 237 715 294 LIB.
734 238 785 294 XI.
805 239 947 296 rto-227.
1052 225 1113 293 185

96 362 235 427 dedecus
254 362 397 439 auderet,
416 361 545 448 cupiens
563 362 674 428 efferre
693 363 753 427 sub
771 386 873 441 auras,

95 470 156 513 nec
174 459 279 532 posset
296 448 426 513 reticere
444 460 564 525 tamen,
582 449 701 513 secedit
717 449 911 532 humumque
1135 467 1182 518 185

96 533 207 600 effodit
226 544 271 611 et,
289 534 408 598 domini
425 535 533 617 quales
551 535 709 620 aspexerit
725 557 827 610 aures,

96 641 175 683 voce
193 620 287 684 refert
305 643 403 705 parva
421 631 585 703 terraeque
602 619 809 684 inmurmurat
826 619 967 697 haustae,

94 704 310 788 indiciumque
329 729 406 770 suae
423 707 509 770 vocis
527 706 638 770 tellure
655 716 779 790 regesta

96 789 216 866 obruit,
235 803 267 856 et
283 791 448 855 scrobibus
465 790 578 856 tacitus
597 791 727 855 discedit
746 790 871 875 opertis.

95 876 208 940 creber
223 875 451 940 harundinibus
469 876 610 940 tremulis
627 876 671 939 ibi
689 898 817 961 surgere
834 876 924 939 lucus
1136 895 1183 944 100

96 961 201 1046 coepit
218 971 263 1036 et,
280 973 316 1025 ut
333 962 470 1047 primum
487 961 581 1045 pleno
599 962 750 1025 maturuit
767 982 859 1037 anno,

95 1046 236 1130 prodidit
253 1046 433 1130 agricolam.
477 1047 540 1111 leni
558 1069 632 1110 nam
649 1057 753 1110 motus
771 1046 812 1109 ab
830 1055 938 1110 austro

95 1131 211 1195 obruta
227 1131 325 1195 verba
342 1131 452 1208 refert,
471 1132 653 1215 dominique
671 1130 814 1215 coarguit
831 1153 932 1195 aures.

139 1214 235 1279 Ultus
254 1216 319 1280 abit
336 1216 450 1280 Tmolo
466 1216 683 1299 liquidumque
701 1238 758 1300 per
775 1221 847 1279 a'e'ra
864 1227 974 1280 vectus
1034 1215 1183 1296 laomedon

95 1311 268 1386 angustum
286 1302 364 1365 citra
380 1311 512 1387 pontum
529 1301 741 1386 Nepheleidos
759 1300 868 1365 Helles
1030 1285 1183 1336 “HWW·

94 1387 343 1450 Laomedonteis
360 1387 494 1451 Latoius
513 1387 610 1450 astitit
627 1386 719 1450 arvis.
1137 1398 1183 1455 100

96 1473 227 1536 dextera
246 1470 348 1557 Sigei,
368 1472 502 1537 Rhoetei
519 1473 610 1536 laeva
626 1471 776 1556 profundi

95 1580 151 1621 ara
168 1557 395 1641 Panomphaeo
413 1568 503 1622 vetus
521 1567 569 1621 est
586 1568 708 1622 sacrata
724 1555 873 1622 Tonanti.

94 1643 170 1707 inde
187 1663 288 1706 novae
306 1642 443 1726 primum
459 1642 562 1708 moliri
579 1644 703 1707 moenia
720 1642 835 1706 Troiae

46 1770 49 1777 ,
94 1727 317 1791 Laomedonta
334 1726 434 1803 videt,
453 1739 661 1812 susceptaque
679 1750 795 1812 magna
812 1727 922 1794 labore
1134 1748 1183 1800 200

95 1834 238 1877 crescere
256 1812 376 1875 difficili
393 1834 452 1876 nec
469 1835 545 1897 opes
564 1834 732 1898 exposcere
749 1835 879 1897 parvas:

95 1917 232 1979 cumque
250 1897 452 1982 tridentigero
469 1898 583 1962 tumidi
598 1898 741 2046 genitore
759 1898 908 1982 profundi

95 1983 261 2046 mortalem
278 1982 419 2046 induitur
435 1982 583 2059 formam,
630 1984 825 2069 hrygiaeque
843 1996 978 2068 tyranno

96 2067 265 2132 aedificant
282 2089 403 2144 muros,
420 2068 505 2152 pacti
521 2090 578 2152 pro
596 2069 762 2133 moenibus
780 2090 903 2132 aurum.

96 2153 202 2217 stabat
219 2174 311 2238 opus:
329 2153 464 2237 pretium
482 2175 539 2216 rex
554 2152 719 2228 inficiatur,
738 2163 769 2218 et
786 2153 883 2230 addit,

95 2238 247 2322 perfidiae
265 2239 441 2315 cumulum,
458 2238 547 2301 falsis
564 2238 701 2323 periuria
717 2238 831 2302 verbis.

97 2331 175 2387 ‘non
193 2324 323 2407 impune
340 2323 443 2399 feres,'
461 2333 563 2388 rector
579 2323 675 2387 maris
693 2323 809 2407 inquit:
827 2333 859 2388 et
876 2343 984 2388 omnes

96 2408 261 2473 inclinavit
279 2428 376 2490 aquas
394 2408 435 2471 ad
453 2431 567 2473 avarae
583 2408 676 2472 litora
692 2408 819 2484 Troiae,

96 2495 193 2577 inque
211 2494 283 2558 freti
300 2494 434 2556 formam
450 2504 549 2558 terras
567 2493 731 2569 convertit,
749 2514 887 2578 opesque

98 2578 227 2645 abstulit
245 2578 390 2664 agricolis
408 2590 440 2643 et
456 2578 604 2644 fluctibus
622 2577 728 2643 obruit
745 2599 848 2664 agros.
1136 2599 1185 2648 210

98 2686 201 2750 poena
217 2685 320 2747 neque
338 2664 417 2729 haec
434 2665 509 2728 satis
528 2675 589 2729 est:
607 2664 691 2749 regis
709 2685 836 2748 quoque
852 2663 917 2727 filia
934 2674 1073 2729 monstro

98 2751 238 2834 poscitur
255 2770 420 2832 aequoreo.
464 2771 560 2832 quam
578 2751 658 2814 dura
674 2750 715 2814 ad
733 2772 810 2814 saxa
827 2749 999 2813 revinctam

99 2835 239 2899 vindicat
255 2835 400 2910 Alcides,
417 2836 633 2919 promissaque
650 2858 796 2912 munera,
814 2835 913 2898 dictos

99 2921 201 3069 poscit
218 2941 324 3002 equos.
369 2921 509 3004 tantique
527 2922 630 3007 operis
647 2921 792 2986 mercede
809 2931 934 3006 negata,

121 3006 149 3069 is
166 3006 292 3090 periura
309 3005 392 3090 capit
410 3029 446 3069 su
471 3017 576 3072 cratae
593 3006 718 3071 moenia
734 3005 859 3070 Troiae.
1136 3025 1185 3074 215

99 3112 159 3154 nec
176 3113 249 3175 pars
266 3091 408 3167 militiae,
457 3092 593 3169 elamon,
611 3093 679 3157 sine
696 3091 815 3156 honore
831 3090 969 3168 recessit,

100 3176 305 3258 Hesioneque
323 3176 397 3240 data
413 3176 539 3260 potitur.
582 3200 656 3241 nam
675 3177 809 3262 coniuge
826 3175 943 3240 Peleus

101 3262 204 3325 clarus
223 3273 289 3325 erat
306 3261 395 3324 diva:
413 3282 515 3343 neque
534 3262 585 3326 avi
602 3262 704 3348 magis
721 3262 773 3327 ille
791 3259 932 3346 superbit

101 3345 242 3422 nomine,
261 3367 357 3428 quam
375 3347 487 3410 soceri:
507 3346 533 3410 si
551 3348 679 3430 quidem
696 3347 782 3413 Iovis
800 3369 869 3413 esse
885 3345 992 3431 nepoti

102 3429 233 3515 contigit
250 3430 335 3494 haud
352 3432 421 3508 uni,
440 3429 577 3496 coniunx
594 3433 654 3497 dea
671 3433 754 3497 conti
779 3433 803 3497 't
818 3432 884 3496 uni.
1136 3451 1186 3500 220

142 3516 291 3598 Namque
308 3538 404 3580 senex
421 3515 550 3580 Thetidi
565 3516 716 3594 Proteus,
735 3455 822 3582 ‘dia’
842 3517 964 3581 dixerat
982 3515 1110 3592 ‘undae

102 3601 241 3686 concipe.
284 3611 386 3664 mater
403 3601 464 3666 eris
480 3601 617 3678 iuvenis,
636 3601 691 3685 qui
707 3602 842 3667 fortibus
860 3602 937 3666 actis
1080 3599 1184 3666 [luca.

102 3698 172 3750 acta
189 3684 286 3770 patris
303 3686 408 3750 vincet
424 3685 585 3768 maiorque
602 3687 767 3751 vocabitur
783 3688 856 3751 illo?

102 3793 188 3856 ergo,
205 3793 247 3836 ne
264 3770 433 3854 quicquam
451 3772 587 3836 mundus
605 3773 682 3837 Iove
699 3772 801 3836 maius
818 3772 959 3849 haberet,

102 3855 246 3939 quamvis
263 3854 349 3921 haud
367 3856 490 3941 tepidos
508 3857 568 3920 sub
585 3869 712 3941 pectore
729 3869 869 3922 senserat
886 3858 986 3944 ignes,
1136 3876 1185 3927 225

100 3941 244 4028 Iuppiter
261 3963 436 4025 aequoreae
453 3941 596 4007 Thetidis
614 3942 749 4007 conubia
765 3941 849 4027 fugit

100 4026 133 4092 in
151 4049 272 4114 suaque
289 4027 453 4094 Aeaciden
471 4027 639 4095 succedere
656 4039 731 4095 vota
746 4038 894 4114 nepotem
