2574 4478
217 110 583 171 METAMORPHOSEON
600 112 672 169 LIB.
691 112 770 171 VIII.
789 112 932 172 451-538.
1023 98 1083 165 137

66 260 215 302 successu
233 238 372 338 tumidus
389 261 523 323 regnum
543 235 716 322 Calydonis
734 237 876 303 habebit:
1102 255 1152 304 495

65 346 121 388 vos
140 323 219 388 einis
234 324 370 424 exiguus
387 324 575 424 gelidaeque
591 323 732 387 iacebitis
750 324 900 388 umbrae?

65 409 152 473 haud
170 408 316 491 equidem
335 410 446 494 patiar
490 419 599 494 pereat
586 408 787 508 tsceleratus
805 421 835 474 et
853 410 905 472 ille

66 516 220 579 spemque
237 495 335 580 patris
352 516 549 594 regnumque
566 494 670 558 trahat
658 504 729 594 tpa
730 494 869 578 triaeque
887 493 1020 558 ruinam.

66 602 156 644 mens
173 580 230 643 ubi
246 592 311 644 mat
312 603 389 645 erna
406 581 470 644 est?
487 579 543 643 ubi
560 591 634 644 sunt
651 579 704 665 pia
720 580 790 644 iura
806 592 973 664 parentum

66 675 98 730 et
114 684 195 749 quos
214 665 348 729 sustinui
365 665 413 729 bis
430 688 575 730 mensum
593 666 733 748 quinque
750 666 892 729 labores?
1104 684 1155 734 500

66 750 226 815 outinam
243 751 353 835 primis
371 751 501 816 arsisses
517 751 645 851 ignibus
662 751 777 826 infans,

65 836 164 919 idque
183 857 246 936 ego
260 858 355 920 passa
371 835 486 901 foreml
523 835 628 899 vixisti
646 859 776 900 munere
794 846 916 915 nostr03

66 943 153 986 nunc
169 921 281 986 merito
299 921 431 986 moriere
448 933 513 986 tuo.
558 943 635 1006 cape
652 921 793 1021 praemia
810 922 895 998 facti,

66 1006 180 1090 bisque
198 1006 319 1083 datam,
337 1007 472 1092 primum
490 1016 597 1091 partu,
616 1029 690 1070 mox
708 1007 813 1091 stipite
830 1018 930 1092 rapto,

65 1092 166 1157 redde
184 1091 393 1168 animam-
348 1093 459 1156 -vel
476 1114 527 1157 me
546 1091 607 1156 frat
595 1093 691 1157 ternis
709 1093 790 1156 adde
808 1090 971 1191 sepulcris!
1104 1111 1154 1160 505

66 1187 99 1243 et
116 1177 221 1262 cupio,
239 1189 270 1242 et
287 1198 421 1260 nequeo.
464 1177 542 1259 quid
559 1178 673 1262 agam?
690 1178 783 1241 modo
801 1179 933 1242 vulnera
950 1177 1082 1240 fratrum

66 1273 141 1328 ante
159 1262 267 1327 oeulos
284 1263 361 1326 mihi
379 1272 502 1327 suntet
520 1273 625 1327 tantae
644 1262 775 1327 caedis
743 1285 886 1362 mago.

65 1370 153 1413 nunc
170 1348 310 1412 animum
327 1347 428 1433 pietas
444 1358 649 1431 maternaque
666 1347 794 1411 nomina
811 1348 972 1433 frangtmt.

64 1457 118 1499 me
135 1433 297 1498 miseram!
324 1435 407 1497 male
424 1433 570 1509 vincetis,
590 1434 646 1498 sed
663 1434 792 1509 vincite,
810 1433 936 1498 fratres:

65 1519 250 1619 dummodo,
268 1539 349 1631 quae
367 1518 482 1583 dedero
500 1518 605 1594 vobis,
623 1518 738 1582 solacia
755 1540 875 1601 vosque
1104 1540 1155 1589 510

99 1628 135 1669 sa
154 1605 287 1688 sequar’
331 1604 423 1680 dixit,
442 1604 616 1704 dextraque
633 1627 744 1668 aversa
761 1604 906 1668 trementi

64 1604 265 1755 linereumt
252 1700 368 1789 torrem
385 1689 506 1754 medios
524 1689 656 1754 coniecit
673 1689 706 1753 in
723 1690 824 1775 ignes.

65 1785 122 1839 aut
140 1775 241 1852 dedit,
214 1785 315 1839 taut
331 1774 417 1839 visus
435 1774 570 1860 gemitus
589 1773 654 1840 est
645 1798 713 1860 ipse
723 1775 847 1840 dedisse

65 1860 177 1961 stipes,
192 1869 227 1924 ut
243 1859 322 1924 invit
322 1860 349 1924 is
367 1871 528 1944 correptus
547 1859 588 1923 ab
605 1860 732 1944 ignibus
751 1861 835 1924 arsit.

63 1945 184 2009 inscius
201 1955 296 2027 atque
315 1945 429 2009 absens
445 1946 574 2009 flamma
591 1945 773 2045 Meleagros
792 1946 833 2009 ab
850 1945 905 2009 illa
1105 1965 1154 2015 515

63 2031 178 2106 uritur,
196 2041 228 2094 et
246 2030 347 2095 caecis
364 2031 475 2094 torreri
491 2031 613 2094 viscera
630 2044 699 2094 sent
687 2031 725 2094 tit

63 2115 195 2202 ignibus
213 2136 251 2180 ae
267 2138 401 2200 magnos
418 2127 546 2200 superat
564 2115 659 2179 virtut
661 2139 678 2180 e
647 2116 828 2180 tdolores.

64 2200 153 2285 quod
170 2212 277 2265 tamen
293 2201 411 2286 ignavo
428 2201 570 2266 cadatt
538 2211 570 2266 et
587 2201 655 2266 sine
672 2201 825 2300 sanguine
842 2201 916 2279 leto,

63 2297 201 2362 maeret,
218 2297 250 2351 et
266 2287 392 2351 Ancaei
408 2286 513 2352 felicia
530 2287 662 2351 vulnera
678 2287 767 2351 dicrt·

63 2372 346 2471 grandaevumque
350 2383 483 2472 patrem
502 2372 725 2455 fratresque
694 2392 827 2457 p1asque
845 2393 967 2438 sorores
1105 2391 1155 2441 520

64 2479 138 2522 cum
156 2456 277 2542 gemitu
296 2457 474 2541 sociamque
492 2458 551 2522 tori
568 2468 661 2522 vocat
670 2479 732 2556 ‘ore
750 2479 911 2541 supremo·

63 2542 198 2607 forsitan
217 2553 248 2606 et
264 2554 407 2607 matrem
452 2555 597 2608 creseunt
613 2543 759 2643 ignisque
777 2542 929 2626 dolorque

63 2627 275 2712 languescunt
276 2649 337 2711 que
354 2629 482 2692 iterum:
501 2629 661 2692 simult
614 2640 661 2693 est
678 2628 797 2693 extinct
797 2651 875 2692 usu
876 2640 995 2712 terque,

63 2713 161 2797 inque
179 2714 264 2777 leves
283 2713 360 2777 abiit
377 2713 529 2798 paulatim
486 2714 676 2799 1mspiritus
694 2736 787 2778 auras

63 2797 219 2898 paulatim
237 2820 316 2862 cana
333 2821 468 2883 prunam
483 2799 608 2864 velante
625 2799 742 2863 favilla
1105 2819 1154 2868 525

63 2882 155 2947 alta
146 2893 229 2947 1acet
247 2880 407 2968 Calydon.
425 2885 561 2969 lugent
552 2906 745 2984 1uvenesque
765 2906 929 2968 senesque,

63 2967 245 3053 vulgusque
261 2991 405 3053 proceres
429 2992 469 3034 ue
487 2981 632 3054 gemunt,
651 2971 830 3052 scissaeque
849 2971 977 3055 capillos

62 3053 260 3138 planguntur
276 3069 392 3119 matres
408 2991 632 3139 dalydonides
644 3056 818 3121 Eueninee.

24 3178 29 3187 ·
62 3139 197 3224 pulvere
215 3139 360 3204 canitiem
378 3140 502 3224 genitor
519 3142 688 3224 vultusque
706 3142 819 3206 seniles

61 3223 173 3289 foedat
189 3222 278 3288 humi
295 3225 385 3289 fusus
404 3225 639 3309 spatiosumque
656 3227 797 3311 increpat
815 3249 939 3292 aevum.
1105 3245 1155 3295 530

62 3331 140 3372 nam
158 3309 198 3372 de
216 3320 315 3374 matre
332 3333 460 3386 manns,
479 3311 539 3374 diri
556 3312 616 3375 sibi
634 3313 759 3376 conscia
776 3312 862 3389 facti,

63 3392 189 3493 exegit
212 3415 322 3472 cenas,
341 3407 410 3460 acto
429 3418 486 3480 per
503 3396 624 3461 viscera
641 3396 735 3461 ferro.

61 3501 128 3544 non
146 3478 191 3542 mi
215 3479 269 3543 si
287 3491 358 3545 cent
358 3504 413 3545 um
432 3481 510 3546 deus
528 3503 584 3546 ora
602 3494 713 3546 sonant
713 3482 744 3546 ia
761 3482 877 3568 linguis
1026 3478 1158 3549 Meleaqra'

61 3564 291 3665 ingeniumque
309 3587 410 3650 capax
427 3577 591 3648 totumque
607 3568 763 3632 Helicona
780 3568 927 3645 dedisset,
1031 3565 1142 3601 sorores.

62 3649 165 3714 tristia
182 3671 387 3735 persequerer
404 3652 590 3716 miserarum
607 3663 682 3716 vota
699 3675 850 3718 sororum.
1104 3671 1153 3719 535

61 3735 266 3800 immemores
284 3736 405 3800 decoris
423 3736 553 3801 liventia
570 3748 698 3820 pectora
715 3739 865 3816 tundunt3

62 3821 205 3904 dumque
224 3831 331 3885 manet
348 3843 476 3906 corpus,
495 3842 609 3906 corpus
626 3822 832 3906 refoventque
849 3788 1038 3909 foventque,

61 3907 173 3973 oscula
190 3905 293 3971 dant
284 3907 359 3992 ipsi,
375 3907 478 3994 posito
495 3907 573 3972 dant
589 3907 699 3972 oscula
714 3907 811 3987 lecto;
