<?xml version="1.0" encoding="UTF-8"?>
<!DOCTYPE html PUBLIC "-//W3C//DTD XHTML 1.0 Transitional//EN"
    "http://www.w3.org/TR/xhtml1/DTD/xhtml1-transitional.dtd">
<html xmlns="http://www.w3.org/1999/xhtml" xml:lang="en" lang="en">
 <head>
  <title>
</title>
<meta http-equiv="Content-Type" content="text/html;charset=utf-8" />
  <meta name='ocr-system' content='tesseract 3.04.00' />
  <meta name='ocr-capabilities' content='ocr_page ocr_carea ocr_par ocr_line ocrx_word'/>
</head>
<body>
  <div class='ocr_page' id='page_1' title='image "./carmina03ovidgoog_0083.png"; bbox 0 0 2574 4478; ppageno 0'>
   <div class='ocr_carea' id='block_1_1' title="bbox 244 297 929 368">
    <p class='ocr_par' dir='ltr' id='par_1_1' title="bbox 244 297 929 368">
     <span class='ocr_line' id='line_1_1' title="bbox 244 297 929 368; baseline 0.006 -6"><span class='ocrx_word' id='word_1_1' title='bbox 244 297 286 362; x_wconf 78' lang='grc'>26</span> <span class='ocrx_word' id='word_1_2' title='bbox 573 313 607 365; x_wconf 88' lang='grc' dir='ltr'>Ρ.</span> <span class='ocrx_word' id='word_1_3' title='bbox 626 309 750 368; x_wconf 87' lang='lat' dir='ltr'>OVIDIl</span> <span class='ocrx_word' id='word_1_4' title='bbox 767 309 929 367; x_wconf 82' lang='lat' dir='ltr'>NASONIS</span> 
     </span>
    </p>
   </div>
   <div class='ocr_carea' id='block_1_2' title="bbox 124 435 1258 4114">
    <p class='ocr_par' dir='ltr' id='par_1_2' title="bbox 242 435 1065 599">
     <span class='ocr_line' id='line_1_2' title="bbox 243 435 1065 522; baseline -0.001 -23"><span class='ocrx_word' id='word_1_5' title='bbox 243 435 407 501; x_wconf 88' lang='lat' dir='ltr'>interitura</span> <span class='ocrx_word' id='word_1_6' title='bbox 423 436 527 522; x_wconf 82' lang='lat' dir='ltr'>gravi,</span> <span class='ocrx_word' id='word_1_7' title='bbox 546 459 702 501; x_wconf 89' lang='lat' dir='ltr'>summam</span> <span class='ocrx_word' id='word_1_8' title='bbox 719 437 798 522; x_wconf 90' lang='lat' dir='ltr'>petit</span> <span class='ocrx_word' id='word_1_9' title='bbox 815 437 932 501; x_wconf 89' lang='lat' dir='ltr'>arduus</span> <span class='ocrx_word' id='word_1_10' title='bbox 951 457 1065 512; x_wconf 90' lang='lat' dir='ltr'>arcem,</span> 
     </span>
     <span class='ocr_line' id='line_1_3' title="bbox 242 521 914 599; baseline 0.003 -15"><span class='ocrx_word' id='word_1_11' title='bbox 242 521 328 584; x_wconf 92' lang='lat' dir='ltr'>unde</span> <span class='ocrx_word' id='word_1_12' title='bbox 346 521 425 586; x_wconf 89' lang='lat' dir='ltr'>solet</span> <span class='ocrx_word' id='word_1_13' title='bbox 440 521 540 586; x_wconf 90' lang='lat' dir='ltr'>nubes</span> <span class='ocrx_word' id='word_1_14' title='bbox 557 522 628 586; x_wconf 86' lang='lat' dir='ltr'>latis</span> <span class='ocrx_word' id='word_1_15' title='bbox 646 523 796 588; x_wconf 87' lang='lat' dir='ltr'>inducere</span> <span class='ocrx_word' id='word_1_16' title='bbox 813 522 914 599; x_wconf 88' lang='lat' dir='ltr'>terris,</span> 
     </span>
    </p>

    <p class='ocr_par' dir='ltr' id='par_1_3' title="bbox 244 606 1078 779">
     <span class='ocr_line' id='line_1_4' title="bbox 244 606 1078 692; baseline 0.002 -23"><span class='ocrx_word' id='word_1_17' title='bbox 244 606 329 670; x_wconf 89' lang='lat' dir='ltr'>unde</span> <span class='ocrx_word' id='word_1_18' title='bbox 346 618 452 671; x_wconf 89' lang='lat' dir='ltr'>movet</span> <span class='ocrx_word' id='word_1_19' title='bbox 469 610 602 672; x_wconf 88' lang='lat' dir='ltr'>tonitrus</span> <span class='ocrx_word' id='word_1_20' title='bbox 619 607 805 692; x_wconf 78' lang='lat' dir='ltr'>vibrataque</span> <span class='ocrx_word' id='word_1_21' title='bbox 822 609 956 672; x_wconf 82' lang='lat' dir='ltr'><strong>fulmina</strong></span> <span class='ocrx_word' id='word_1_22' title='bbox 971 609 1078 672; x_wconf 85' lang='lat' dir='ltr'>iactat.</span> 
     </span>
     <span class='ocr_line' id='line_1_5' title="bbox 245 692 1034 779; baseline 0 -23"><span class='ocrx_word' id='word_1_23' title='bbox 245 692 301 756; x_wconf 92' lang='lat' dir='ltr'>sed</span> <span class='ocrx_word' id='word_1_24' title='bbox 318 714 421 776; x_wconf 88' lang='lat' dir='ltr'>neque</span> <span class='ocrx_word' id='word_1_25' title='bbox 439 713 517 775; x_wconf 88' lang='lat' dir='ltr'>quas</span> <span class='ocrx_word' id='word_1_26' title='bbox 535 704 642 779; x_wconf 89' lang='lat' dir='ltr'>posset</span> <span class='ocrx_word' id='word_1_27' title='bbox 659 694 749 758; x_wconf 90' lang='lat' dir='ltr'>terris</span> <span class='ocrx_word' id='word_1_28' title='bbox 766 694 915 759; x_wconf 87' lang='lat' dir='ltr'>inducere</span> <span class='ocrx_word' id='word_1_29' title='bbox 932 694 1034 758; x_wconf 88' lang='lat' dir='ltr'>nubes</span> 
     </span>
    </p>

    <p class='ocr_par' dir='ltr' id='par_1_4' title="bbox 177 777 1074 1205">
     <span class='ocr_line' id='line_1_6' title="bbox 177 777 1074 863; baseline -0.003 -17"><span class='ocrx_word' id='word_1_30' title='bbox 177 798 234 851; x_wconf 68' lang='grc'><strong>310,</strong></span> <span class='ocrx_word' id='word_1_31' title='bbox 244 787 319 842; x_wconf 88' lang='lat' dir='ltr'>tunc</span> <span class='ocrx_word' id='word_1_32' title='bbox 336 777 460 855; x_wconf 85' lang='lat' dir='ltr'>habuit,</span> <span class='ocrx_word' id='word_1_33' title='bbox 477 801 536 844; x_wconf 92' lang='lat' dir='ltr'>nec</span> <span class='ocrx_word' id='word_1_34' title='bbox 553 801 632 863; x_wconf 88' lang='lat' dir='ltr'>quos</span> <span class='ocrx_word' id='word_1_35' title='bbox 650 781 737 846; x_wconf 89' lang='lat' dir='ltr'>caelo</span> <span class='ocrx_word' id='word_1_36' title='bbox 755 780 932 844; x_wconf 82' lang='lat' dir='ltr'>demitteret</span> <span class='ocrx_word' id='word_1_37' title='bbox 947 778 1074 844; x_wconf 79' lang='lat' dir='ltr'>imbres.</span> 
     </span>
     <span class='ocr_line' id='line_1_7' title="bbox 243 864 1015 941; baseline 0 -14"><span class='ocrx_word' id='word_1_38' title='bbox 243 864 380 941; x_wconf 90' lang='lat' dir='ltr'>intonat,</span> <span class='ocrx_word' id='word_1_39' title='bbox 399 877 430 929; x_wconf 86' lang='lat' dir='ltr'>et</span> <span class='ocrx_word' id='word_1_40' title='bbox 447 865 558 929; x_wconf 81' lang='lat' dir='ltr'>dextra</span> <span class='ocrx_word' id='word_1_41' title='bbox 575 866 724 931; x_wconf 88' lang='lat' dir='ltr'>libratum</span> <span class='ocrx_word' id='word_1_42' title='bbox 741 865 862 930; x_wconf 89' lang='lat' dir='ltr'>fulmen</span> <span class='ocrx_word' id='word_1_43' title='bbox 881 866 921 929; x_wconf 85' lang='lat' dir='ltr'>ab</span> <span class='ocrx_word' id='word_1_44' title='bbox 939 886 1015 928; x_wconf 92' lang='lat' dir='ltr'>aure</span> 
     </span>
     <span class='ocr_line' id='line_1_8' title="bbox 243 949 1074 1037; baseline 0.001 -25"><span class='ocrx_word' id='word_1_45' title='bbox 243 949 328 1013; x_wconf 80' lang='lat' dir='ltr'>misit</span> <span class='ocrx_word' id='word_1_46' title='bbox 344 949 377 1013; x_wconf 92' lang='lat' dir='ltr'>in</span> <span class='ocrx_word' id='word_1_47' title='bbox 395 951 537 1036; x_wconf 86' lang='lat' dir='ltr'>aurigam</span> <span class='ocrx_word' id='word_1_48' title='bbox 554 951 733 1037; x_wconf 83' lang='lat' dir='ltr'>pariterque</span> <span class='ocrx_word' id='word_1_49' title='bbox 751 951 917 1033; x_wconf 90' lang='lat' dir='ltr'>animaque</span> <span class='ocrx_word' id='word_1_50' title='bbox 934 950 1074 1032; x_wconf 89' lang='lat' dir='ltr'>rotisque</span> 
     </span>
     <span class='ocr_line' id='line_1_9' title="bbox 245 1035 1004 1122; baseline -0.003 -22"><span class='ocrx_word' id='word_1_51' title='bbox 245 1035 365 1120; x_wconf 86' lang='lat' dir='ltr'>expulit</span> <span class='ocrx_word' id='word_1_52' title='bbox 382 1047 413 1100; x_wconf 91' lang='lat' dir='ltr'>et</span> <span class='ocrx_word' id='word_1_53' title='bbox 430 1058 539 1101; x_wconf 85' lang='lat' dir='ltr'>saevos</span> <span class='ocrx_word' id='word_1_54' title='bbox 551 1036 744 1122; x_wconf 89' lang='lat' dir='ltr'>compescuit</span> <span class='ocrx_word' id='word_1_55' title='bbox 761 1037 887 1121; x_wconf 81' lang='lat' dir='ltr'>ignibus</span> <span class='ocrx_word' id='word_1_56' title='bbox 905 1036 1004 1120; x_wconf 85' lang='lat' dir='ltr'>ignes.</span> 
     </span>
     <span class='ocr_line' id='line_1_10' title="bbox 244 1121 1044 1205; baseline -0.003 -20"><span class='ocrx_word' id='word_1_57' title='bbox 244 1132 483 1187; x_wconf 87' lang='lat' dir='ltr'>consternantur</span> <span class='ocrx_word' id='word_1_58' title='bbox 500 1122 574 1205; x_wconf 91' lang='lat' dir='ltr'>equi</span> <span class='ocrx_word' id='word_1_59' title='bbox 591 1135 623 1186; x_wconf 92' lang='lat' dir='ltr'>et</span> <span class='ocrx_word' id='word_1_60' title='bbox 639 1122 722 1186; x_wconf 89' lang='lat' dir='ltr'>saltu</span> <span class='ocrx_word' id='word_1_61' title='bbox 737 1121 771 1185; x_wconf 94' lang='lat' dir='ltr'>in</span> <span class='ocrx_word' id='word_1_62' title='bbox 789 1121 943 1186; x_wconf 89' lang='lat' dir='ltr'>contraria</span> <span class='ocrx_word' id='word_1_63' title='bbox 960 1121 1044 1184; x_wconf 83' lang='lat' dir='ltr'>facto</span> 
     </span>
    </p>

    <p class='ocr_par' dir='ltr' id='par_1_5' title="bbox 177 1207 1091 1636">
     <span class='ocr_line' id='line_1_11' title="bbox 177 1207 1077 1293; baseline -0.003 -19"><span class='ocrx_word' id='word_1_64' title='bbox 177 1227 226 1280; x_wconf 84' lang='grc'>315</span> <span class='ocrx_word' id='word_1_65' title='bbox 245 1209 325 1271; x_wconf 88' lang='lat' dir='ltr'>colla</span> <span class='ocrx_word' id='word_1_66' title='bbox 342 1207 418 1293; x_wconf 86' lang='lat' dir='ltr'>iugo</span> <span class='ocrx_word' id='word_1_67' title='bbox 436 1207 572 1293; x_wconf 90' lang='lat' dir='ltr'>eripiunt</span> <span class='ocrx_word' id='word_1_68' title='bbox 588 1208 786 1292; x_wconf 87' lang='lat' dir='ltr'>abruptaque</span> <span class='ocrx_word' id='word_1_69' title='bbox 803 1207 870 1270; x_wconf 91' lang='lat' dir='ltr'>lora</span> <span class='ocrx_word' id='word_1_70' title='bbox 886 1207 1077 1290; x_wconf 88' lang='lat' dir='ltr'>relinquunt.</span> 
     </span>
     <span class='ocr_line' id='line_1_12' title="bbox 243 1292 931 1369; baseline -0.003 -12"><span class='ocrx_word' id='word_1_71' title='bbox 243 1292 307 1357; x_wconf 92' lang='lat' dir='ltr'>illic</span> <span class='ocrx_word' id='word_1_72' title='bbox 324 1293 413 1358; x_wconf 90' lang='lat' dir='ltr'>frena</span> <span class='ocrx_word' id='word_1_73' title='bbox 430 1293 547 1369; x_wconf 90' lang='lat' dir='ltr'>iacent,</span> <span class='ocrx_word' id='word_1_74' title='bbox 564 1292 627 1357; x_wconf 92' lang='lat' dir='ltr'>illic</span> <span class='ocrx_word' id='word_1_75' title='bbox 645 1303 769 1357; x_wconf 86' lang='lat' dir='ltr'>temone</span> <span class='ocrx_word' id='word_1_76' title='bbox 787 1293 931 1356; x_wconf 86' lang='lat' dir='ltr'>revulsus</span> 
     </span>
     <span class='ocr_line' id='line_1_13' title="bbox 245 1377 1011 1463; baseline -0.001 -21"><span class='ocrx_word' id='word_1_77' title='bbox 245 1379 326 1454; x_wconf 86' lang='lat' dir='ltr'>axis,</span> <span class='ocrx_word' id='word_1_78' title='bbox 343 1379 376 1442; x_wconf 91' lang='lat' dir='ltr'>in</span> <span class='ocrx_word' id='word_1_79' title='bbox 393 1378 454 1444; x_wconf 89' lang='lat' dir='ltr'>hac</span> <span class='ocrx_word' id='word_1_80' title='bbox 470 1378 550 1443; x_wconf 90' lang='lat' dir='ltr'>radii</span> <span class='ocrx_word' id='word_1_81' title='bbox 566 1377 738 1443; x_wconf 84' lang='lat' dir='ltr'>fractarum</span> <span class='ocrx_word' id='word_1_82' title='bbox 755 1389 845 1463; x_wconf 89' lang='lat' dir='ltr'>parte</span> <span class='ocrx_word' id='word_1_83' title='bbox 861 1388 1011 1454; x_wconf 90' lang='lat' dir='ltr'>rotarum,</span> 
     </span>
     <span class='ocr_line' id='line_1_14' title="bbox 245 1463 985 1550; baseline -0.005 -20"><span class='ocrx_word' id='word_1_84' title='bbox 245 1486 415 1550; x_wconf 85' lang='lat' dir='ltr'>sparsaque</span> <span class='ocrx_word' id='word_1_85' title='bbox 433 1475 507 1529; x_wconf 91' lang='lat' dir='ltr'>sunt</span> <span class='ocrx_word' id='word_1_86' title='bbox 523 1465 585 1529; x_wconf 89' lang='lat' dir='ltr'>late</span> <span class='ocrx_word' id='word_1_87' title='bbox 602 1463 697 1528; x_wconf 87' lang='lat' dir='ltr'>laceri</span> <span class='ocrx_word' id='word_1_88' title='bbox 714 1463 848 1549; x_wconf 85' lang='lat' dir='ltr'>vestigia</span> <span class='ocrx_word' id='word_1_89' title='bbox 865 1485 985 1527; x_wconf 89' lang='lat' dir='ltr'>currus.</span> 
     </span>
     <span class='ocr_line' id='line_1_15' title="bbox 245 1547 1091 1636; baseline -0.002 -21"><span class='ocrx_word' id='word_1_90' title='bbox 245 1563 277 1614; x_wconf 87' lang='lat' dir='ltr'>at</span> <span class='ocrx_word' id='word_1_91' title='bbox 293 1550 475 1627; x_wconf 76' lang='lat' dir='ltr'>Phaethon,</span> <span class='ocrx_word' id='word_1_92' title='bbox 492 1550 602 1614; x_wconf 89' lang='lat' dir='ltr'>rutilos</span> <span class='ocrx_word' id='word_1_93' title='bbox 618 1550 746 1614; x_wconf 90' lang='lat' dir='ltr'>flamma</span> <span class='ocrx_word' id='word_1_94' title='bbox 763 1550 933 1636; x_wconf 88' lang='lat' dir='ltr'>populante</span> <span class='ocrx_word' id='word_1_95' title='bbox 951 1547 1091 1633; x_wconf 83' lang='lat' dir='ltr'>capillos,</span> 
     </span>
    </p>

    <p class='ocr_par' dir='ltr' id='par_1_6' title="bbox 124 1635 1058 2061">
     <span class='ocr_line' id='line_1_16' title="bbox 124 1635 1058 1721; baseline -0.006 -17"><span class='ocrx_word' id='word_1_96' title='bbox 124 1639 125 1643; x_wconf 66' lang='grc'>’</span> <span class='ocrx_word' id='word_1_97' title='bbox 177 1658 228 1709; x_wconf 79' lang='grc'>300</span> <span class='ocrx_word' id='word_1_98' title='bbox 245 1637 381 1701; x_wconf 90' lang='lat' dir='ltr'>volvitur</span> <span class='ocrx_word' id='word_1_99' title='bbox 397 1637 430 1700; x_wconf 91' lang='lat' dir='ltr'>in</span> <span class='ocrx_word' id='word_1_100' title='bbox 446 1657 598 1720; x_wconf 89' lang='lat' dir='ltr'>praeceps</span> <span class='ocrx_word' id='word_1_101' title='bbox 615 1635 775 1721; x_wconf 87' lang='lat' dir='ltr'>longoque</span> <span class='ocrx_word' id='word_1_102' title='bbox 791 1657 848 1719; x_wconf 91' lang='lat' dir='ltr'>per</span> <span class='ocrx_word' id='word_1_103' title='bbox 865 1640 939 1699; x_wconf 68' lang='lat' dir='ltr'>aera</span> <span class='ocrx_word' id='word_1_104' title='bbox 955 1644 1058 1698; x_wconf 86' lang='lat' dir='ltr'>tractu</span> 
     </span>
     <span class='ocr_line' id='line_1_17' title="bbox 244 1720 990 1798; baseline -0.004 -12"><span class='ocrx_word' id='word_1_105' title='bbox 244 1723 353 1798; x_wconf 81' lang='lat' dir='ltr'>fertur,</span> <span class='ocrx_word' id='word_1_106' title='bbox 372 1732 407 1786; x_wconf 90' lang='lat' dir='ltr'>ut</span> <span class='ocrx_word' id='word_1_107' title='bbox 423 1721 581 1786; x_wconf 89' lang='lat' dir='ltr'>interdum</span> <span class='ocrx_word' id='word_1_108' title='bbox 599 1720 638 1786; x_wconf 90' lang='lat' dir='ltr'>de</span> <span class='ocrx_word' id='word_1_109' title='bbox 657 1721 743 1785; x_wconf 89' lang='lat' dir='ltr'>caclo</span> <span class='ocrx_word' id='word_1_110' title='bbox 762 1720 852 1785; x_wconf 89' lang='lat' dir='ltr'>stella</span> <span class='ocrx_word' id='word_1_111' title='bbox 870 1741 990 1794; x_wconf 90' lang='lat' dir='ltr'>sereno,</span> 
     </span>
     <span class='ocr_line' id='line_1_18' title="bbox 245 1805 943 1891; baseline -0.004 -20"><span class='ocrx_word' id='word_1_112' title='bbox 245 1808 303 1872; x_wconf 89' lang='lat' dir='ltr'>etsi</span> <span class='ocrx_word' id='word_1_113' title='bbox 320 1829 384 1871; x_wconf 91' lang='lat' dir='ltr'>non</span> <span class='ocrx_word' id='word_1_114' title='bbox 401 1806 528 1882; x_wconf 90' lang='lat' dir='ltr'>cecidit,</span> <span class='ocrx_word' id='word_1_115' title='bbox 546 1807 648 1891; x_wconf 90' lang='lat' dir='ltr'>potuit</span> <span class='ocrx_word' id='word_1_116' title='bbox 666 1806 816 1870; x_wconf 89' lang='lat' dir='ltr'>cecidisse</span> <span class='ocrx_word' id='word_1_117' title='bbox 834 1805 943 1870; x_wconf 90' lang='lat' dir='ltr'>videri.</span> 
     </span>
     <span class='ocr_line' id='line_1_19' title="bbox 245 1890 1028 1978; baseline -0.001 -21"><span class='ocrx_word' id='word_1_118' title='bbox 245 1914 339 1976; x_wconf 89' lang='lat' dir='ltr'>quem</span> <span class='ocrx_word' id='word_1_119' title='bbox 356 1893 466 1978; x_wconf 89' lang='lat' dir='ltr'>procul</span> <span class='ocrx_word' id='word_1_120' title='bbox 483 1915 502 1955; x_wconf 91' lang='lat' dir='ltr'>a</span> <span class='ocrx_word' id='word_1_121' title='bbox 518 1892 620 1977; x_wconf 87' lang='lat' dir='ltr'>patria</span> <span class='ocrx_word' id='word_1_122' title='bbox 637 1890 761 1957; x_wconf 88' lang='lat' dir='ltr'>diverso</span> <span class='ocrx_word' id='word_1_123' title='bbox 778 1891 934 1955; x_wconf 85' lang='lat' dir='ltr'>maximus</span> <span class='ocrx_word' id='word_1_124' title='bbox 952 1891 1028 1956; x_wconf 83' lang='lat' dir='ltr'>orbo</span> 
     </span>
     <span class='ocr_line' id='line_1_20' title="bbox 245 1977 971 2061; baseline -0.001 -19"><span class='ocrx_word' id='word_1_125' title='bbox 245 1979 313 2043; x_wconf 85' lang='lat' dir='ltr'>cxci</span> <span class='ocrx_word' id='word_1_126' title='bbox 336 1979 361 2042; x_wconf 90' lang='lat' dir='ltr'>it</span> <span class='ocrx_word' id='word_1_127' title='bbox 377 1978 536 2042; x_wconf 80' lang='lat' dir='ltr'>Eridanus</span> <span class='ocrx_word' id='word_1_128' title='bbox 554 1977 771 2061; x_wconf 85' lang='lat' dir='ltr'>fumantiaque</span> <span class='ocrx_word' id='word_1_129' title='bbox 790 1977 889 2041; x_wconf 91' lang='lat' dir='ltr'>abluit</span> <span class='ocrx_word' id='word_1_130' title='bbox 907 2000 971 2041; x_wconf 91' lang='lat' dir='ltr'>ora.</span> 
     </span>
    </p>

    <p class='ocr_par' dir='ltr' id='par_1_7' title="bbox 178 2002 1209 2490">
     <span class='ocr_line' id='line_1_21' title="bbox 178 2002 995 2148; baseline -0.007 -16"><span class='ocrx_word' id='word_1_131' title='bbox 178 2085 227 2136; x_wconf 79' lang='grc'>335</span> <span class='ocrx_word' id='word_1_132' title='bbox 244 2002 363 2128; x_wconf 75' lang='lat' dir='ltr'>Naides</span> <span class='ocrx_word' id='word_1_133' title='bbox 381 2063 556 2148; x_wconf 88' lang='lat' dir='ltr'>Hesperiae</span> <span class='ocrx_word' id='word_1_134' title='bbox 574 2063 679 2127; x_wconf 85' lang='lat' dir='ltr'>trifida</span> <span class='ocrx_word' id='word_1_135' title='bbox 696 2063 851 2127; x_wconf 89' lang='lat' dir='ltr'>fumantia</span> <span class='ocrx_word' id='word_1_136' title='bbox 867 2063 995 2127; x_wconf 89' lang='lat' dir='ltr'>flamma</span> 
     </span>
     <span class='ocr_line' id='line_1_22' title="bbox 245 2147 1209 2235; baseline 0 -21"><span class='ocrx_word' id='word_1_137' title='bbox 245 2171 377 2235; x_wconf 91' lang='lat' dir='ltr'>corpora</span> <span class='ocrx_word' id='word_1_138' title='bbox 395 2149 471 2212; x_wconf 86' lang='lat' dir='ltr'>dant</span> <span class='ocrx_word' id='word_1_139' title='bbox 487 2149 623 2226; x_wconf 89' lang='lat' dir='ltr'>tumulo;</span> <span class='ocrx_word' id='word_1_140' title='bbox 642 2148 768 2234; x_wconf 82' lang='lat' dir='ltr'>signant</span> <span class='ocrx_word' id='word_1_141' title='bbox 784 2170 911 2232; x_wconf 88' lang='lat' dir='ltr'>quoque</span> <span class='ocrx_word' id='word_1_142' title='bbox 929 2147 1066 2212; x_wconf 87' lang='lat' dir='ltr'>carmine</span> <span class='ocrx_word' id='word_1_143' title='bbox 1084 2171 1209 2214; x_wconf 88' lang='lat' dir='ltr'>saxum:</span> 
     </span>
     <span class='ocr_line' id='line_1_23' title="bbox 245 2233 1073 2318; baseline -0.004 -19"><span class='ocrx_word' id='word_1_144' title='bbox 245 2235 310 2299; x_wconf 88' lang='lat' dir='ltr'>‘hic</span> <span class='ocrx_word' id='word_1_145' title='bbox 327 2234 405 2299; x_wconf 90' lang='lat' dir='ltr'>situs</span> <span class='ocrx_word' id='word_1_146' title='bbox 423 2244 471 2299; x_wconf 88' lang='lat' dir='ltr'>est</span> <span class='ocrx_word' id='word_1_147' title='bbox 486 2233 668 2310; x_wconf 67' lang='lat' dir='ltr'>Phaethon,</span> <span class='ocrx_word' id='word_1_148' title='bbox 686 2256 795 2300; x_wconf 90' lang='lat' dir='ltr'>currus</span> <span class='ocrx_word' id='word_1_149' title='bbox 813 2235 924 2318; x_wconf 88' lang='lat' dir='ltr'>auriga</span> <span class='ocrx_word' id='word_1_150' title='bbox 941 2233 1073 2318; x_wconf 87' lang='lat' dir='ltr'>paterni.</span> 
     </span>
     <span class='ocr_line' id='line_1_24' title="bbox 244 2319 1116 2406; baseline 0 -22"><span class='ocrx_word' id='word_1_151' title='bbox 244 2341 339 2404; x_wconf 90' lang='lat' dir='ltr'>quem</span> <span class='ocrx_word' id='word_1_152' title='bbox 357 2320 464 2384; x_wconf 87' lang='lat' dir='ltr'>sinon</span> <span class='ocrx_word' id='word_1_153' title='bbox 481 2320 595 2396; x_wconf 90' lang='lat' dir='ltr'>tenuit,</span> <span class='ocrx_word' id='word_1_154' title='bbox 613 2319 737 2406; x_wconf 87' lang='lat' dir='ltr'>magnis</span> <span class='ocrx_word' id='word_1_155' title='bbox 754 2330 860 2385; x_wconf 86' lang='lat' dir='ltr'>tamen</span> <span class='ocrx_word' id='word_1_156' title='bbox 878 2319 994 2384; x_wconf 82' lang='lat' dir='ltr'>excidit</span> <span class='ocrx_word' id='word_1_157' title='bbox 1012 2319 1116 2384; x_wconf 64' lang='lat' dir='ltr'>ausis!</span> 
     </span>
     <span class='ocr_line' id='line_1_25' title="bbox 243 2405 1040 2490; baseline -0.003 -21"><span class='ocrx_word' id='word_1_158' title='bbox 243 2430 318 2470; x_wconf 86' lang='lat' dir='ltr'>nam</span> <span class='ocrx_word' id='word_1_159' title='bbox 335 2417 425 2490; x_wconf 88' lang='lat' dir='ltr'>pater</span> <span class='ocrx_word' id='word_1_160' title='bbox 442 2405 608 2481; x_wconf 87' lang='lat' dir='ltr'>obductos,</span> <span class='ocrx_word' id='word_1_161' title='bbox 625 2407 713 2470; x_wconf 89' lang='lat' dir='ltr'>luctu</span> <span class='ocrx_word' id='word_1_162' title='bbox 731 2405 916 2470; x_wconf 88' lang='lat' dir='ltr'>miserabilis</span> <span class='ocrx_word' id='word_1_163' title='bbox 934 2427 1040 2490; x_wconf 86' lang='lat' dir='ltr'>aegro,</span> 
     </span>
    </p>

    <p class='ocr_par' dir='ltr' id='par_1_8' title="bbox 177 2490 1129 2917">
     <span class='ocr_line' id='line_1_26' title="bbox 177 2490 1077 2568; baseline -0.009 -7"><span class='ocrx_word' id='word_1_164' title='bbox 177 2512 227 2563; x_wconf 84' lang='grc'>330</span> <span class='ocrx_word' id='word_1_165' title='bbox 245 2491 428 2556; x_wconf 83' lang='lat' dir='ltr'>condiderat</span> <span class='ocrx_word' id='word_1_166' title='bbox 445 2492 565 2568; x_wconf 86' lang='lat' dir='ltr'>vultus3</span> <span class='ocrx_word' id='word_1_167' title='bbox 583 2502 615 2556; x_wconf 91' lang='lat' dir='ltr'>et</span> <span class='ocrx_word' id='word_1_168' title='bbox 632 2491 660 2555; x_wconf 92' lang='lat' dir='ltr'>si</span> <span class='ocrx_word' id='word_1_169' title='bbox 676 2492 770 2555; x_wconf 91' lang='lat' dir='ltr'>modo</span> <span class='ocrx_word' id='word_1_170' title='bbox 788 2490 959 2567; x_wconf 89' lang='lat' dir='ltr'>credimus,</span> <span class='ocrx_word' id='word_1_171' title='bbox 977 2512 1077 2554; x_wconf 91' lang='lat' dir='ltr'>unum</span> 
     </span>
     <span class='ocr_line' id='line_1_27' title="bbox 243 2576 1019 2642; baseline -0.003 -1"><span class='ocrx_word' id='word_1_172' title='bbox 243 2577 305 2642; x_wconf 91' lang='lat' dir='ltr'>isse</span> <span class='ocrx_word' id='word_1_173' title='bbox 323 2577 407 2641; x_wconf 89' lang='lat' dir='ltr'>diem</span> <span class='ocrx_word' id='word_1_174' title='bbox 424 2576 490 2642; x_wconf 90' lang='lat' dir='ltr'>sine</span> <span class='ocrx_word' id='word_1_175' title='bbox 508 2579 574 2642; x_wconf 89' lang='grc'><strong>0010</strong></span> <span class='ocrx_word' id='word_1_176' title='bbox 591 2577 707 2641; x_wconf 89' lang='lat' dir='ltr'>ferunt.</span> <span class='ocrx_word' id='word_1_177' title='bbox 750 2577 895 2642; x_wconf 89' lang='lat' dir='ltr'>incendia</span> <span class='ocrx_word' id='word_1_178' title='bbox 912 2578 1019 2641; x_wconf 87' lang='lat' dir='ltr'>lumen</span> 
     </span>
     <span class='ocr_line' id='line_1_28' title="bbox 243 2661 1048 2748; baseline -0.004 -21"><span class='ocrx_word' id='word_1_179' title='bbox 243 2662 451 2748; x_wconf 88' lang='lat' dir='ltr'>praebebant,</span> <span class='ocrx_word' id='word_1_180' title='bbox 470 2663 645 2746; x_wconf 85' lang='lat' dir='ltr'>aliquisque</span> <span class='ocrx_word' id='word_1_181' title='bbox 663 2662 746 2726; x_wconf 90' lang='lat' dir='ltr'>malo</span> <span class='ocrx_word' id='word_1_182' title='bbox 764 2662 825 2726; x_wconf 83' lang='lat' dir='ltr'>fuit</span> <span class='ocrx_word' id='word_1_183' title='bbox 841 2685 917 2726; x_wconf 91' lang='lat' dir='ltr'>usus</span> <span class='ocrx_word' id='word_1_184' title='bbox 935 2662 968 2725; x_wconf 92' lang='lat' dir='ltr'>in</span> <span class='ocrx_word' id='word_1_185' title='bbox 984 2661 1048 2725; x_wconf 88' lang='grc'><strong>1110.</strong></span> 
     </span>
     <span class='ocr_line' id='line_1_29' title="bbox 245 2745 1129 2833; baseline 0 -21"><span class='ocrx_word' id='word_1_186' title='bbox 245 2758 278 2812; x_wconf 88' lang='lat' dir='ltr'>at</span> <span class='ocrx_word' id='word_1_187' title='bbox 295 2745 450 2832; x_wconf 88' lang='lat' dir='ltr'>Clymene</span> <span class='ocrx_word' id='word_1_188' title='bbox 467 2759 634 2833; x_wconf 88' lang='lat' dir='ltr'>postquam</span> <span class='ocrx_word' id='word_1_189' title='bbox 653 2748 746 2822; x_wconf 85' lang='lat' dir='ltr'>dixit,</span> <span class='ocrx_word' id='word_1_190' title='bbox 764 2768 982 2831; x_wconf 89' lang='lat' dir='ltr'>quaecumque</span> <span class='ocrx_word' id='word_1_191' title='bbox 1000 2747 1129 2812; x_wconf 84' lang='lat' dir='ltr'>fuerunt</span> 
     </span>
     <span class='ocr_line' id='line_1_30' title="bbox 244 2833 998 2917; baseline -0.001 -20"><span class='ocrx_word' id='word_1_192' title='bbox 244 2833 277 2897; x_wconf 93' lang='lat' dir='ltr'>in</span> <span class='ocrx_word' id='word_1_193' title='bbox 294 2834 388 2897; x_wconf 89' lang='lat' dir='ltr'>tantis</span> <span class='ocrx_word' id='word_1_194' title='bbox 407 2833 539 2898; x_wconf 87' lang='lat' dir='ltr'>dicenda</span> <span class='ocrx_word' id='word_1_195' title='bbox 556 2833 661 2909; x_wconf 87' lang='lat' dir='ltr'>malis,</span> <span class='ocrx_word' id='word_1_196' title='bbox 680 2833 823 2917; x_wconf 83' lang='lat' dir='ltr'>lugubris</span> <span class='ocrx_word' id='word_1_197' title='bbox 842 2846 873 2897; x_wconf 91' lang='lat' dir='ltr'>et</span> <span class='ocrx_word' id='word_1_198' title='bbox 891 2855 998 2896; x_wconf 86' lang='lat' dir='ltr'>amens</span> 
     </span>
    </p>

    <p class='ocr_par' dir='ltr' id='par_1_9' title="bbox 177 2918 1085 3347">
     <span class='ocr_line' id='line_1_31' title="bbox 177 2918 966 3003; baseline -0.006 -17"><span class='ocrx_word' id='word_1_199' title='bbox 177 2937 225 2987; x_wconf 89' lang='grc'>335</span> <span class='ocrx_word' id='word_1_200' title='bbox 244 2928 275 2983; x_wconf 91' lang='lat' dir='ltr'>et</span> <span class='ocrx_word' id='word_1_201' title='bbox 293 2918 410 2983; x_wconf 87' lang='lat' dir='ltr'>laniata</span> <span class='ocrx_word' id='word_1_202' title='bbox 427 2919 513 2983; x_wconf 89' lang='lat' dir='ltr'>sinus</span> <span class='ocrx_word' id='word_1_203' title='bbox 531 2930 631 2983; x_wconf 90' lang='lat' dir='ltr'>totum</span> <span class='ocrx_word' id='word_1_204' title='bbox 648 2918 826 3003; x_wconf 84' lang='lat' dir='ltr'>percensuit</span> <span class='ocrx_word' id='word_1_205' title='bbox 844 2918 966 2984; x_wconf 86' lang='lat' dir='ltr'>orbem:</span> 
     </span>
     <span class='ocr_line' id='line_1_32' title="bbox 244 3003 1060 3089; baseline -0.002 -20"><span class='ocrx_word' id='word_1_206' title='bbox 244 3005 467 3088; x_wconf 86' lang='lat' dir='ltr'>exanimesque</span> <span class='ocrx_word' id='word_1_207' title='bbox 485 3016 570 3069; x_wconf 87' lang='lat' dir='ltr'>artus</span> <span class='ocrx_word' id='word_1_208' title='bbox 587 3003 699 3089; x_wconf 87' lang='lat' dir='ltr'>primo,</span> <span class='ocrx_word' id='word_1_209' title='bbox 717 3025 793 3067; x_wconf 85' lang='lat' dir='ltr'>mox</span> <span class='ocrx_word' id='word_1_210' title='bbox 810 3025 882 3068; x_wconf 87' lang='lat' dir='ltr'>ossa</span> <span class='ocrx_word' id='word_1_211' title='bbox 898 3003 1060 3087; x_wconf 90' lang='lat' dir='ltr'>requirens</span> 
     </span>
     <span class='ocr_line' id='line_1_33' title="bbox 244 3087 1060 3176; baseline -0.001 -23"><span class='ocrx_word' id='word_1_212' title='bbox 244 3090 381 3176; x_wconf 88' lang='lat' dir='ltr'>repperit</span> <span class='ocrx_word' id='word_1_213' title='bbox 398 3090 485 3173; x_wconf 79' lang='lat' dir='ltr'>(ossa</span> <span class='ocrx_word' id='word_1_214' title='bbox 502 3101 607 3154; x_wconf 89' lang='lat' dir='ltr'>tamen</span> <span class='ocrx_word' id='word_1_215' title='bbox 624 3090 792 3175; x_wconf 84' lang='lat' dir='ltr'>peregrina</span> <span class='ocrx_word' id='word_1_216' title='bbox 809 3089 935 3153; x_wconf 87' lang='lat' dir='ltr'>condita</span> <span class='ocrx_word' id='word_1_217' title='bbox 952 3087 1060 3175; x_wconf 83' lang='lat' dir='ltr'>ripal),</span> 
     </span>
     <span class='ocr_line' id='line_1_34' title="bbox 243 3175 1085 3259; baseline -0.001 -20"><span class='ocrx_word' id='word_1_218' title='bbox 243 3175 449 3259; x_wconf 89' lang='lat' dir='ltr'>incubuitque</span> <span class='ocrx_word' id='word_1_219' title='bbox 466 3176 534 3240; x_wconf 91' lang='lat' dir='ltr'>loco</span> <span class='ocrx_word' id='word_1_220' title='bbox 552 3196 730 3258; x_wconf 91' lang='lat' dir='ltr'>nomenque</span> <span class='ocrx_word' id='word_1_221' title='bbox 746 3175 779 3239; x_wconf 93' lang='lat' dir='ltr'>in</span> <span class='ocrx_word' id='word_1_222' title='bbox 797 3197 951 3239; x_wconf 87' lang='lat' dir='ltr'>marmore</span> <span class='ocrx_word' id='word_1_223' title='bbox 967 3176 1085 3239; x_wconf 88' lang='lat' dir='ltr'>lectum</span> 
     </span>
     <span class='ocr_line' id='line_1_35' title="bbox 242 3260 958 3347; baseline -0.003 -22"><span class='ocrx_word' id='word_1_224' title='bbox 242 3261 381 3345; x_wconf 88' lang='lat' dir='ltr'>perfudit</span> <span class='ocrx_word' id='word_1_225' title='bbox 397 3261 534 3326; x_wconf 87' lang='lat' dir='ltr'>lacrimis</span> <span class='ocrx_word' id='word_1_226' title='bbox 552 3273 583 3326; x_wconf 91' lang='lat' dir='ltr'>et</span> <span class='ocrx_word' id='word_1_227' title='bbox 600 3272 708 3347; x_wconf 90' lang='lat' dir='ltr'>aperto</span> <span class='ocrx_word' id='word_1_228' title='bbox 726 3271 852 3346; x_wconf 88' lang='lat' dir='ltr'>pectore</span> <span class='ocrx_word' id='word_1_229' title='bbox 868 3260 958 3324; x_wconf 81' lang='lat' dir='ltr'>fovit.</span> 
     </span>
    </p>

    <p class='ocr_par' dir='ltr' id='par_1_10' title="bbox 176 3345 1258 3772">
     <span class='ocr_line' id='line_1_36' title="bbox 176 3345 1258 3432; baseline -0.001 -17"><span class='ocrx_word' id='word_1_230' title='bbox 176 3364 226 3415; x_wconf 87' lang='grc'>340</span> <span class='ocrx_word' id='word_1_231' title='bbox 243 3370 302 3411; x_wconf 90' lang='grc'>000</span> <span class='ocrx_word' id='word_1_232' title='bbox 318 3347 423 3411; x_wconf 88' lang='lat' dir='ltr'>minus</span> <span class='ocrx_word' id='word_1_233' title='bbox 441 3347 591 3411; x_wconf 88' lang='lat' dir='ltr'>Heliades</span> <span class='ocrx_word' id='word_1_234' title='bbox 610 3348 720 3432; x_wconf 85' lang='lat' dir='ltr'>lugent</span> <span class='ocrx_word' id='word_1_235' title='bbox 737 3359 769 3411; x_wconf 91' lang='lat' dir='ltr'>et</span> <span class='ocrx_word' id='word_1_236' title='bbox 785 3346 891 3410; x_wconf 88' lang='lat' dir='ltr'>inania</span> <span class='ocrx_word' id='word_1_237' title='bbox 907 3345 1000 3409; x_wconf 91' lang='lat' dir='ltr'>morti</span> <span class='ocrx_word' id='word_1_238' title='bbox 1128 3361 1258 3414; x_wconf 78' lang='lat' dir='ltr'>Heliades.</span> 
     </span>
     <span class='ocr_line' id='line_1_37' title="bbox 243 3430 1097 3516; baseline -0.001 -21"><span class='ocrx_word' id='word_1_239' title='bbox 243 3455 373 3497; x_wconf 86' lang='lat' dir='ltr'>munera</span> <span class='ocrx_word' id='word_1_240' title='bbox 391 3433 466 3496; x_wconf 91' lang='lat' dir='ltr'>dant</span> <span class='ocrx_word' id='word_1_241' title='bbox 484 3433 643 3507; x_wconf 88' lang='lat' dir='ltr'>lacrimas,</span> <span class='ocrx_word' id='word_1_242' title='bbox 663 3444 695 3496; x_wconf 91' lang='lat' dir='ltr'>et</span> <span class='ocrx_word' id='word_1_243' title='bbox 712 3453 823 3496; x_wconf 88' lang='lat' dir='ltr'>caesae</span> <span class='ocrx_word' id='word_1_244' title='bbox 840 3443 967 3516; x_wconf 90' lang='lat' dir='ltr'>pectora</span> <span class='ocrx_word' id='word_1_245' title='bbox 984 3430 1097 3516; x_wconf 88' lang='lat' dir='ltr'>palmis</span> 
     </span>
     <span class='ocr_line' id='line_1_38' title="bbox 242 3516 1026 3600; baseline -0.004 -18"><span class='ocrx_word' id='word_1_246' title='bbox 242 3539 306 3582; x_wconf 90' lang='lat' dir='ltr'>non</span> <span class='ocrx_word' id='word_1_247' title='bbox 322 3518 503 3582; x_wconf 90' lang='lat' dir='ltr'>auditurum</span> <span class='ocrx_word' id='word_1_248' title='bbox 521 3517 650 3583; x_wconf 88' lang='lat' dir='ltr'>miseras</span> <span class='ocrx_word' id='word_1_249' title='bbox 666 3516 866 3582; x_wconf 78' lang='lat' dir='ltr'>Phaethonta</span> <span class='ocrx_word' id='word_1_250' title='bbox 884 3517 1026 3600; x_wconf 86' lang='lat' dir='ltr'>querelas</span> 
     </span>
     <span class='ocr_line' id='line_1_39' title="bbox 242 3602 1050 3688; baseline -0.004 -21"><span class='ocrx_word' id='word_1_251' title='bbox 242 3615 334 3668; x_wconf 89' lang='lat' dir='ltr'>nocte</span> <span class='ocrx_word' id='word_1_252' title='bbox 352 3603 466 3688; x_wconf 90' lang='lat' dir='ltr'>dieque</span> <span class='ocrx_word' id='word_1_253' title='bbox 484 3614 597 3668; x_wconf 89' lang='lat' dir='ltr'>vocant</span> <span class='ocrx_word' id='word_1_254' title='bbox 615 3613 877 3686; x_wconf 87' lang='lat' dir='ltr'>asternunturque</span> <span class='ocrx_word' id='word_1_255' title='bbox 896 3602 1050 3687; x_wconf 89' lang='lat' dir='ltr'>sepulcro.</span> 
     </span>
     <span class='ocr_line' id='line_1_40' title="bbox 242 3687 1045 3772; baseline -0.001 -21"><span class='ocrx_word' id='word_1_256' title='bbox 242 3689 317 3753; x_wconf 92' lang='lat' dir='ltr'>luna</span> <span class='ocrx_word' id='word_1_257' title='bbox 335 3700 446 3772; x_wconf 89' lang='lat' dir='ltr'>quater</span> <span class='ocrx_word' id='word_1_258' title='bbox 462 3687 576 3752; x_wconf 89' lang='lat' dir='ltr'>iunctis</span> <span class='ocrx_word' id='word_1_259' title='bbox 593 3687 738 3772; x_wconf 87' lang='lat' dir='ltr'>implerat</span> <span class='ocrx_word' id='word_1_260' title='bbox 756 3688 902 3752; x_wconf 89' lang='lat' dir='ltr'>cornibus</span> <span class='ocrx_word' id='word_1_261' title='bbox 921 3688 1045 3751; x_wconf 75' lang='lat' dir='ltr'>orbemz</span> 
     </span>
    </p>

    <p class='ocr_par' dir='ltr' id='par_1_11' title="bbox 175 3772 1130 4114">
     <span class='ocr_line' id='line_1_41' title="bbox 175 3772 989 3856; baseline -0.004 -17"><span class='ocrx_word' id='word_1_262' title='bbox 175 3792 224 3840; x_wconf 73' lang='grc'><strong>345</strong></span> <span class='ocrx_word' id='word_1_263' title='bbox 242 3774 313 3839; x_wconf 90' lang='grc'><strong>11100</strong></span> <span class='ocrx_word' id='word_1_264' title='bbox 331 3797 417 3839; x_wconf 89' lang='lat' dir='ltr'>more</span> <span class='ocrx_word' id='word_1_265' title='bbox 436 3796 503 3850; x_wconf 91' lang='grc'><strong>000,</strong></span> <span class='ocrx_word' id='word_1_266' title='bbox 522 3772 610 3856; x_wconf 90' lang='lat' dir='ltr'>(nam</span> <span class='ocrx_word' id='word_1_267' title='bbox 627 3795 746 3837; x_wconf 89' lang='lat' dir='ltr'>morem</span> <span class='ocrx_word' id='word_1_268' title='bbox 764 3773 989 3856; x_wconf 63' lang='lat' dir='ltr'>laceraturus)</span> 
     </span>
     <span class='ocr_line' id='line_1_42' title="bbox 241 3857 1130 3945; baseline -0.003 -21"><span class='ocrx_word' id='word_1_269' title='bbox 241 3861 426 3945; x_wconf 83' lang='lat' dir='ltr'>plangorem</span> <span class='ocrx_word' id='word_1_270' title='bbox 444 3860 604 3925; x_wconf 85' lang='lat' dir='ltr'>dederant.</span> <span class='ocrx_word' id='word_1_271' title='bbox 648 3859 751 3941; x_wconf 91' lang='lat' dir='ltr'>equis</span> <span class='ocrx_word' id='word_1_272' title='bbox 770 3857 968 3933; x_wconf 68' lang='lat' dir='ltr'>Phaethusa,</span> <span class='ocrx_word' id='word_1_273' title='bbox 987 3877 1130 3921; x_wconf 87' lang='lat' dir='ltr'>sororum</span> 
     </span>
     <span class='ocr_line' id='line_1_43' title="bbox 241 3943 1127 4028; baseline -0.002 -19"><span class='ocrx_word' id='word_1_274' title='bbox 241 3947 393 4020; x_wconf 83' lang='lat' dir='ltr'>maxima,</span> <span class='ocrx_word' id='word_1_275' title='bbox 412 3967 484 4009; x_wconf 90' lang='lat' dir='ltr'>cum</span> <span class='ocrx_word' id='word_1_276' title='bbox 502 3945 596 4010; x_wconf 89' lang='lat' dir='ltr'>vellet</span> <span class='ocrx_word' id='word_1_277' title='bbox 613 3954 695 4009; x_wconf 88' lang='lat' dir='ltr'>terra</span> <span class='ocrx_word' id='word_1_278' title='bbox 711 3943 932 4028; x_wconf 89' lang='lat' dir='ltr'>procumbere,</span> <span class='ocrx_word' id='word_1_279' title='bbox 950 3953 1061 4025; x_wconf 90' lang='lat' dir='ltr'>questa</span> <span class='ocrx_word' id='word_1_280' title='bbox 1079 3953 1127 4007; x_wconf 88' lang='lat' dir='ltr'>est</span> 
     </span>
     <span class='ocr_line' id='line_1_44' title="bbox 242 4028 993 4114; baseline -0.004 -20"><span class='ocrx_word' id='word_1_281' title='bbox 242 4031 417 4114; x_wconf 83' lang='lat' dir='ltr'>deriguisse</span> <span class='ocrx_word' id='word_1_282' title='bbox 435 4031 541 4114; x_wconf 89' lang='lat' dir='ltr'>pedes.</span> <span class='ocrx_word' id='word_1_283' title='bbox 586 4029 740 4112; x_wconf 88' lang='lat' dir='ltr'>adquam</span> <span class='ocrx_word' id='word_1_284' title='bbox 758 4040 870 4092; x_wconf 88' lang='lat' dir='ltr'>conata</span> <span class='ocrx_word' id='word_1_285' title='bbox 886 4028 993 4092; x_wconf 88' lang='lat' dir='ltr'>venire</span> 
     </span>
    </p>
   </div>
   <div class='ocr_carea' id='block_1_3' title="bbox 242 4114 1015 4201">
    <p class='ocr_par' dir='ltr' id='par_1_12' title="bbox 242 4114 1015 4201">
     <span class='ocr_line' id='line_1_45' title="bbox 242 4114 1015 4201; baseline -0.008 -18"><span class='ocrx_word' id='word_1_286' title='bbox 242 4116 376 4183; x_wconf 83' lang='lat' dir='ltr'>candida</span> <span class='ocrx_word' id='word_1_287' title='bbox 393 4115 560 4201; x_wconf 86' lang='lat' dir='ltr'>Lampetie</span> <span class='ocrx_word' id='word_1_288' title='bbox 577 4115 682 4181; x_wconf 87' lang='lat' dir='ltr'>subita</span> <span class='ocrx_word' id='word_1_289' title='bbox 698 4114 803 4180; x_wconf 88' lang='lat' dir='ltr'>radice</span> <span class='ocrx_word' id='word_1_290' title='bbox 819 4124 941 4180; x_wconf 86' lang='lat' dir='ltr'>retenta</span> <span class='ocrx_word' id='word_1_291' title='bbox 959 4123 1015 4180; x_wconf 88' lang='lat' dir='ltr'>est.</span> 
     </span>
    </p>
   </div>
   <div class='ocr_carea' id='block_1_4' title="bbox 0 0 1292 4478">
    <p class='ocr_par' dir='ltr' id='par_1_13' title="bbox 0 0 1292 4478">
     <span class='ocr_line' id='line_1_46' title="bbox 0 0 1292 4478; baseline 0 1"><span class='ocrx_word' id='word_1_292' title='bbox 0 0 1292 4478; x_wconf 95' lang='lat' dir='ltr'> </span> 
     </span>
    </p>
   </div>
  </div>
 </body>
</html>
