2574 4478
230 272 594 332 METAMORPHOSEON
610 275 682 329 LIB.
700 273 737 329 X.
756 273 899 331 3554&
1014 258 1074 326 173

52 398 104 464 ira
122 395 218 463 deum
236 399 302 462 sive
319 409 380 472 est,
398 396 494 462 sacris
513 397 674 481 placabilis
691 398 747 461 ira.

53 484 135 567 quid
152 506 223 548 rear
239 482 389 548 ulterius?
415 491 499 547 certe
515 482 642 547 fortuna
659 484 834 566 domusque
1091 505 1142 554 400

56 590 168 653 sospes
187 568 266 632 etin
285 590 380 632 cursu
398 577 458 632 est:
476 568 555 631 vivit
571 568 777 652 genetrixque
795 569 978 652 paterque.’'

55 654 208 738 Myrrha,
224 663 312 738 patre
331 652 453 727 audito,
471 653 605 737 suspiria
622 653 713 717 duxit
731 653 771 716 ab
788 653 850 716 imo

55 752 195 824 pectore.
239 761 297 803 nec
313 738 421 802 nutrix
438 737 610 802 etiamnum
628 738 763 822 concipit
779 738 879 801 ullum

55 834 164 888 mente
183 822 286 900 nefas3
305 823 505 905 aliquemque
522 834 627 888 tamen
644 823 814 908 praesentit
832 845 980 889 amorem.

55 909 272 1009 propositique
290 919 398 984 tenax,
417 908 638 991 quodcumque
656 920 717 984 est,
735 919 817 985 orat,
835 919 871 972 ut
887 908 948 993 ipsi
1092 932 1142 982 405

55 994 191 1070 indicet,
209 1004 240 1058 et
256 994 376 1078 gremio
394 992 608 1057 lacrimantem
626 993 706 1057 tollit
723 993 807 1070 anili,

56 1090 154 1161 atque
171 1078 217 1142 ita
233 1079 443 1162 complectens
461 1077 592 1141 infirmis
610 1078 752 1142 membra
768 1079 892 1144 lacertis

57 1163 281 1228 “sensimus:'’
299 1163 401 1245 inquit
418 1168 541 1227 “amaa
585 1163 665 1227 etin
683 1163 743 1228 hoc
761 1186 831 1228 mea
843 1176 940 1254 (pone
958 1165 1127 1247 timoreml)

57 1248 210 1314 sedulitas
229 1249 285 1312 erit
304 1259 378 1332 apta
396 1247 467 1322 tibi,
485 1269 544 1312 nee
561 1248 674 1312 sentiet
690 1270 830 1331 unquam

56 1335 119 1398 hoc
136 1332 256 1418 pater.''
300 1332 409 1397 exiluit
425 1332 546 1417 gremio
563 1332 744 1410 furibunda,
761 1343 929 1416 torumque
1090 1355 1141 1405 410

56 1441 112 1483 ore
129 1440 276 1503 premens
295 1417 459 1494 “discede,
477 1439 597 1503 precor,
614 1418 792 1502 miseroque
809 1419 924 1532 pudori

56 1503 179 1589 parce”
197 1503 250 1567 ait.
293 1502 421 1567 instanti
439 1503 606 1578 “discede,
624 1514 679 1567 aut
697 1504 804 1568 desine
820 1504 827 1532 '
847 1504 925 1567 dixit

56 1595 250 1672 “quaerere,
268 1588 344 1670 quid
362 1587 494 1652 doleam.
538 1588 640 1653 scelus
658 1598 715 1666 est,
733 1589 819 1672 quod
836 1590 915 1654 scire
932 1589 1087 1656 laboras.’'

55 1674 165 1737 horret
182 1696 275 1749 anus,
293 1674 505 1755 tremulasque
522 1696 635 1738 manus
653 1675 804 1758 annisque
821 1685 969 1757 metuque

56 1758 160 1824 tendit
177 1769 209 1822 00
224 1768 297 1823 ante
314 1758 410 1842 pedes
429 1759 561 1843 supplex
579 1760 757 1843 procumbit
773 1760 929 1837 alumnae,
1091 1778 1141 1829 410

56 1855 88 1909 00
107 1843 202 1906 modo
220 1843 388 1919 blanditur,
406 1843 509 1920 modo,
528 1845 553 1907 si
571 1865 634 1907 non
652 1846 777 1909 conscia
793 1844 859 1921 fiat,

56 1939 169 2005 terret,
188 1939 219 1992 et
235 1928 386 1992 indicium
401 1928 507 2011 laquei
525 1940 715 2013 coeptaeque
732 1930 869 1994 minatur

55 2013 182 2089 mortis,
202 2024 232 2077 et
250 2013 389 2077 officium
408 2013 573 2078 commisso
591 2015 724 2099 spondet
741 2015 850 2078 amori.

57 2098 172 2164 extulit
187 2099 242 2162 illa
259 2108 354 2183 caput
371 2099 569 2181 lacrimisque
586 2099 728 2184 implevit
745 2099 863 2164 obortis

56 2194 187 2269 pectora
202 2184 346 2260 nutricis3
369 2195 544 2266 conataque
562 2206 656 2268 saepe
674 2185 775 2261 fateri,

58 2291 155 2369 saepe
172 2278 257 2333 tenet
274 2290 383 2333 vocem
402 2269 651 2354 pudibundaque
670 2269 810 2335 vestibus
827 2291 883 2335 ora

57 2365 137 2420 tex1t
154 2363 186 2419 et
203 2353 271 2417 “o'’
290 2354 369 2418 dixit
385 2354 534 2419 “felicem
552 2355 686 2439 coniuge
702 2354 875 2419 matreml’'

57 2441 227 2514 hactenus,
245 2448 278 2504 et
293 2439 423 2539 gemuit.
466 2439 735 2524 gelidosnutricis
752 2440 785 2503 in
803 2450 889 2505 artus

57 2545 193 2607 ossaque
211 2521 323 2606 (sens1t
339 2524 437 2606 enim)
454 2535 597 2609 penetrat
614 2535 739 2601 tremor,
757 2525 891 2608 albaque
908 2535 974 2592 toto

58 2610 177 2676 vertice
195 2609 323 2675 canities
340 2609 450 2694 rigidis
468 2609 553 2674 stetit
569 2609 651 2673 hirta
669 2610 799 2694 capillis.

57 2696 237 2777 multaque,
254 2704 290 2758 ut
307 2705 467 2760 excuteret
485 2695 583 2769 diros,
602 2695 628 2758 si
645 2706 764 2780 posset,
783 2717 915 2773 amores,

59 2780 189 2845 addidit.
233 2790 266 2844 at
283 2780 372 2864 virgo
390 2780 449 2844 scit
466 2802 500 2843 se
517 2801 580 2843 non
598 2779 678 2844 falsa
694 2780 831 2857 moneri3

60 2877 146 2930 certa
163 2865 242 2929 mori
259 2876 365 2929 tamen
382 2875 443 2940 est,
461 2865 569 2928 sinon
585 2865 725 2949 potiatur
741 2887 857 2931 amore.

60 2950 187 3025 “viva''
206 2949 249 3013 ait
265 2949 344 3014 haec
361 2951 504 3034 “potiere
522 2954 602 3014 tu0'’
623 2958 655 3013 00
677 2972 741 3014 non
759 2973 836 3015 ausa
853 2951 1031 3037 “parente''

60 3036 180 3111 dicere,
198 3034 347 3099 conticuit
363 3036 580 3120 promissaque
596 3035 724 3100 numine
741 3036 855 3101 firmat.

59 3122 142 3186 festa
158 3119 229 3204 piae
247 3118 371 3185 Cereris
389 3120 590 3185 celebrabant
606 3142 712 3184 annua
728 3131 843 3186 matres

59 3206 127 3281 illa,
144 3205 260 3288 quibus
276 3206 369 3270 nivea
385 3207 507 3271 velatae
525 3226 656 3289 corpora
672 3216 759 3270 veste

59 3291 213 3376 primitias
230 3289 359 3375 frugum
378 3291 454 3354 dant
470 3290 575 3374 spicea
592 3300 675 3355 serta
692 3313 830 3368 suarum,

59 3397 180 3460 perque
197 3397 309 3440 novem
326 3386 434 3440 noctes
452 3376 609 3441 Venerem
627 3385 791 3458 tactusque
808 3376 914 3442 viriles

60 3462 93 3524 in
111 3460 217 3525 vetitis
233 3472 409 3525 numerant.
452 3461 544 3524 turba
562 3457 733 3525 Cenchreis
749 3462 782 3524 in
799 3460 863 3536 illa,

59 3546 144 3632 regis
162 3546 252 3610 adest
268 3546 418 3622 coniunx,
437 3565 613 3627 arcanaque
631 3567 720 3609 sacra
736 3545 924 3628 frequentat.

61 3654 136 3717 ergo
155 3631 295 3715 legitima
312 3653 431 3695 vacuus
449 3630 524 3694 dum
543 3630 676 3714 coniuge
693 3631 803 3706 lectus,

59 3728 154 3781 nacta
170 3738 299 3801 gravem
317 3715 390 3780 vino
409 3713 561 3798 Cinyram
577 3715 659 3780 male
677 3715 786 3779 sedula
802 3715 918 3793 nutrix,

59 3801 186 3866 nomine
204 3800 344 3876 mentito,
362 3821 453 3865 veros
471 3799 598 3884 exponit
615 3821 737 3864 amores

61 3898 91 3951 et
108 3886 222 3950 faciem
239 3885 357 3950 laudat.
400 3883 549 3968 quaesitis
566 3883 697 3969 virginis
714 3883 803 3949 annis
1091 3908 1143 3958 440

60 3971 167 4055 “par”
186 3971 230 4035 ait
248 3968 510 4054 “estMyrrhae.''
538 3990 633 4052 quam
646 3981 811 4056 postquam
821 3971 977 4038 adducere
990 3972 1076 4039 iussa
1085 3986 1142 4054 est,
1188 4033 1190 4038 ,

58 4066 158 4144 utque
175 4055 303 4123 domurn
320 4055 422 4135 rediit,
439 4054 567 4145 “gaude
572 4101 582 4134 ,
600 4055 693 4126 mea”
712 4056 790 4123 dixit
807 4058 973 4126 “alumnas
