2574 4478
173 248 233 316 186
501 262 533 316 Ρ.
554 260 676 318 OVIDlI
694 257 856 316 NASONIS

168 387 259 451 iussit
276 396 307 450 et
325 385 487 469 amplexus
504 385 537 448 in
554 383 684 468 virginis
701 384 748 448 ire
765 383 915 446 marinae.

171 485 219 537 est
236 472 322 535 sinus
339 470 535 535 Haemoniae
554 491 666 534 curvos
684 469 818 533 falcatus
836 468 869 531 in
887 489 994 545 arcus;

103 578 152 628 230
170 556 318 621 bracchia
335 567 536 640 procurrunt:
555 554 624 630 ubi,
643 555 669 618 si
686 553 767 620 foret
784 554 876 618 altior
892 554 989 630 unda,

193 654 278 706 ortus
296 652 376 718 erat3
396 641 524 705 summis
542 640 706 704 inductum
724 651 771 704 est
789 661 907 722 aequor
924 637 1060 703 harenis.

169 667 243 793 litus
260 727 355 790 habet
373 725 522 804 solidum,
541 726 626 809 quod
643 747 702 789 nec
719 725 853 810 vestigia
870 735 973 789 servet
1028 796 1029 799 Ἴ

170 837 230 878 nec
246 821 421 878 remoretur
437 812 506 888 iter,
524 833 583 876 nec
600 822 742 896 opertum
761 811 896 895 pendeat
915 811 997 895 alga.

170 910 293 984 myrtea
311 897 390 961 silva
407 897 528 972 subest,
546 896 736 960 bicoloribus
755 896 856 960 obsita
873 895 970 959 bacis.

103 1004 152 1053 235
171 997 218 1049 est
236 1004 347 1068 specus
365 982 398 1045 in
414 983 532 1057 medi03
550 992 664 1045 natura
680 981 782 1046 factus
801 1005 842 1046 an
858 992 934 1056 arte,

171 1070 369 1154 ambiguum:
388 1068 490 1152 magis
508 1081 574 1130 arte
591 1078 706 1131 tamen.
750 1088 814 1151 quo
832 1090 925 1151 saepe
944 1067 1052 1132 venire

171 1156 293 1220 frenato
312 1153 458 1238 delphine
476 1153 603 1230 sedens,
621 1152 731 1229 Theti,
748 1153 835 1216 nuda
852 1153 985 1217 solebas.

170 1241 233 1305 illic
251 1252 282 1304 te
298 1238 429 1314 Peleus,
447 1248 483 1302 ut
500 1260 609 1302 somno
626 1237 711 1302 victa
727 1237 864 1311 iacebas,

172 1337 305 1410 occupat
322 1335 367 1401 et,
385 1324 534 1406 quoniam
551 1324 697 1409 precibus
714 1333 866 1408 temptata
883 1345 1052 1408 repugnas,

104 1430 154 1479 240
171 1413 235 1476 vim
253 1421 357 1495 parat,
374 1409 536 1474 innectens
555 1409 708 1473 ambobus
726 1410 806 1474 colla
821 1409 955 1474 lacertis.

171 1496 257 1581 quod
273 1496 334 1559 nisi
351 1496 504 1571 venisses,
523 1494 649 1558 variatis
667 1517 761 1580 saepe
777 1494 899 1580 figuris,

78 1617 80 1620 >
172 1582 213 1646 ad
231 1582 337 1645 solitas
355 1592 451 1656 artes,
469 1601 547 1644 auso
563 1579 646 1644 foret
662 1581 714 1645 ille
732 1579 859 1665 potitus.

172 1668 228 1732 sed
244 1666 339 1730 modo
356 1677 392 1730 tu
409 1666 559 1730 volucris:
577 1666 738 1730 volucrem
754 1677 860 1731 tamen
877 1665 929 1730 ille
946 1666 1088 1744 tenebat,

172 1775 256 1816 nunc
273 1751 380 1836 gravis
398 1750 491 1814 arbor
509 1774 593 1816 eras:
612 1751 762 1815 haerebat
778 1751 811 1814 in
829 1751 940 1816 arbore
956 1751 1083 1817 Peleus-

106 1856 154 1907 245
173 1838 264 1903 tertia
281 1838 383 1900 forma
400 1836 461 1899 fuit
478 1837 656 1901 maculosae
674 1836 811 1921 tigridis:
829 1838 883 1901 illa

173 1924 299 1988 territus
317 1921 474 1986 Aeacides
493 1945 512 1985 a
529 1943 659 2007 corpore
676 1922 824 1986 bracchia
841 1922 943 1986 solvit.

173 2009 262 2092 isque
280 2008 355 2072 deos
373 2006 478 2092 pelagi
495 2007 569 2071 vino
587 2030 682 2093 super
698 2029 836 2090 aequora
852 2008 924 2073 fuso

174 2105 206 2158 00
222 2093 344 2179 pecoris
361 2092 449 2156 fibris
467 2103 498 2156 et
514 2092 603 2156 fumo
620 2093 698 2157 turis
715 2094 839 2158 adorat:

174 2180 273 2244 donec
292 2175 482 2263 Carpathius
499 2179 603 2242 medio
620 2179 660 2243 de
677 2179 803 2265 gurgite
820 2189 908 2244 vates

107 2282 156 2332 250
176 2263 352 2340 ίΑο0οἱ(]0,’
372 2264 450 2328 dixit
468 2262 628 2328 ‘thalamis
643 2265 763 2348 potiere
779 2265 895 2349 petitis.

174 2361 208 2414 tu
225 2349 333 2426 modo,
351 2371 424 2413 cum
445 2348 547 2432 rigido
565 2350 667 2433 sopita
685 2349 824 2433 quiescet
841 2351 873 2414 in
891 2359 991 2425 antro,

174 2436 318 2520 ignaram
334 2434 454 2517 laqueis
471 2434 639 2519 vincloque
655 2435 779 2520 innecte
795 2436 908 2500 tenaci.

174 2543 234 2585 nec
251 2531 282 2585 00
299 2519 435 2605 decipiat
452 2531 578 2584 centum
595 2521 726 2585 mentita
742 2522 871 2606 figuras,

175 2607 231 2670 sed
248 2628 368 2691 preme,
387 2604 536 2688 quicquid
554 2606 622 2683 erit,
640 2607 726 2682 dum,
745 2607 830 2690 quod
846 2605 908 2670 fuit
924 2615 1007 2683 ante,
1025 2605 1194 2673 reformet!

108 2709 156 2758 255
175 2692 297 2756 dixerat
314 2691 392 2755 haec
409 2690 544 2756 Proteus
562 2702 593 2755 et
611 2692 748 2756 condidit
766 2714 901 2775 aequore
918 2691 1044 2755 vultum

176 2777 364 2859 admisitque
382 2797 454 2839 suos
472 2776 505 2839 in
523 2777 620 2841 verba
636 2777 806 2841 novissima
823 2777 946 2842 fluctus.

175 2884 293 2948 pronus
311 2871 377 2926 erat
395 2861 490 2924 Titan
508 2860 719 2946 inclinatoque
737 2864 864 2927 tenebat

175 2947 367 3031 Hesperium
384 2957 509 3010 temone
525 2946 655 3023 fretum,
674 2970 746 3012 cum
763 2949 873 3034 pulcra
889 2948 997 3014 relicto

175 3032 208 3096 N
208 3042 286 3097 ere'r's
304 3031 480 3116 ingreditur
497 3044 646 3097 consueta
664 3034 780 3098 cubilia
796 3044 903 3119 ponto.

109 3135 159 3184 260
176 3119 230 3181 vix
248 3117 328 3182 bene
346 3117 503 3201 virgineos
520 3117 638 3183 Peleus
654 3118 813 3184 invaserat
830 3130 929 3183 artus:

175 3204 230 3267 ifla
246 3212 342 3266 novat
359 3202 490 3278 formas,
510 3203 609 3268 donec
628 3227 685 3268 sua
702 3205 844 3270 membra
861 3204 960 3268 teneri

177 3289 283 3363 sentit,
303 3287 382 3352 etin
400 3298 505 3371 partes
523 3289 662 3354 diversas
679 3290 826 3354 bracchia
842 3290 938 3354 tendi.

176 3383 243 3437 tum
261 3373 388 3436 demum
405 3374 569 3458 ingemuit.
612 3376 742 3458 ‘neque'
761 3377 804 3439 ait
822 3376 903 3440 ‘sine
920 3375 1051 3439 numine
1069 3375 1193 3454 vincis',

176 3458 316 3522 exhibita
333 3469 442 3541 estque
459 3458 579 3524 Thetis.
624 3461 800 3525 confessam
818 3460 1016 3545 amplectitur
1033 3460 1125 3526 heros

7 3550 10 3555 ’
110 3561 158 3610 265
178 3556 209 3607 00
226 3544 343 3627 potitur
360 3545 440 3608 votis
457 3545 639 3629 ingentique
657 3545 765 3631 implet
783 3546 917 3610 Achille.

218 3628 310 3692 Felix
329 3638 464 3704 etnam,
482 3630 558 3694 felix
576 3642 607 3695 et
624 3630 757 3714 coniuge
775 3631 901 3708 Peleus,
984 3647 1192 3716 OeyaetPeteus.

178 3724 209 3777 et
227 3714 291 3788 cui,
310 3714 336 3777 si
354 3715 461 3778 demas
478 3714 611 3800 iugulati
629 3716 758 3780 crimina
775 3716 886 3793 Phoci,

178 3799 283 3862 omnia
300 3800 504 3885 contigerant.
547 3801 684 3864 fraterno
703 3802 855 3886 sanguine
873 3817 994 3866 sontem

178 3884 408 3967 expulsumque
426 3886 519 3949 domo
536 3885 638 3970 patria
654 3884 824 3950 Trachinia
841 3887 933 3950 tellus

112 3989 160 4038 220
179 3968 301 4067 accipit.
344 3969 396 4033 hic
413 3993 546 4055 regnum
563 3970 630 4034 sine
647 3970 693 4047 vi,
711 3971 778 4036 sine
795 3972 890 4037 caede
907 3972 1039 4057 regebat

178 4052 329 4119 Lucrfero
346 4054 487 4141 genitore
506 4065 591 4122 satus
608 4055 806 4144 patriumque
823 4057 957 4147 nitorem
