2574 4478
163 249 225 316 120
496 262 529 316 P.
549 261 673 319 OVIDII
690 259 852 318 NASONIS

204 386 369 450 Attonitus
387 395 474 449 tanto
491 385 678 449 miserarum
695 385 819 449 turbine
836 406 953 460 rerum,

95 493 143 542 615
163 473 333 557 “luppiter
349 470 407 534 ol’'
427 470 492 534 dixi
510 471 563 535 “si
580 483 611 536 te
628 492 692 534 uon
709 470 791 534 falsa
807 471 981 553 loquuntur

163 557 248 621 dicta
265 556 325 620 sub
343 557 508 640 amplexus
526 556 672 641 Aeginae
689 555 850 639 Asopidos
868 556 941 630 isse,

162 653 284 716 necte,
302 663 417 725 magne
434 651 533 726 pater,
551 642 649 705 nostri
667 642 766 725 pudet
783 662 852 705 esse
870 652 1048 725 parentem:

163 737 218 791 aut
233 727 311 791 mihi
328 727 424 792 redde
442 748 544 802 meos,
567 738 622 790 aut
639 749 690 790 rne
713 747 840 809 quoque
858 726 959 790 conde
977 728 1160 812 sepulcrol”

162 814 214 877 ille
231 822 339 876 notam
356 811 481 896 fulgore
499 811 585 875 dedit
602 812 783 892 tonitruque
801 812 949 876 secundo.

95 918 145 966 620
163 897 323 982 “accipi0,
342 897 466 978 sintque
484 897 545 961 ista
562 919 674 981 precor
690 896 795 960 felicia
812 897 925 961 mentis

163 983 254 1068 signa
272 982 368 1046 tuae”
388 982 463 1045 dixi.
508 982 619 1064 “quod
638 982 694 1044 (las
712 982 803 1058 mihi,
821 982 971 1067 pigneror
989 984 1112 1048 omen.'’

162 1069 244 1132 forte
261 1068 322 1131 fuit
338 1067 427 1131 iuxta
444 1067 561 1151 patulis
577 1067 736 1131 rarissima
754 1068 848 1132 ramis

164 1175 252 1218 sacra
269 1153 340 1216 Iovi
357 1174 491 1235 quercus
511 1153 550 1217 de
568 1153 687 1216 semine
704 1152 891 1217 Dodonaea.

163 1239 215 1303 hic
231 1260 289 1301 nos
307 1238 481 1322 frugilegas
500 1259 534 1301 as
558 1238 680 1301 eximus
699 1239 825 1322 agmine
842 1239 938 1324 longo

95 1342 145 1391 625
163 1323 284 1410 grande
301 1346 382 1387 onus
400 1322 516 1407 exiguo
534 1260 682 1387 iormicas
700 1345 755 1389 ore
772 1334 917 1408 gerentes

162 1429 343 1494 rugosoque
361 1431 455 1471 suum
472 1419 632 1473 servantes
651 1408 765 1473 cortice
784 1409 905 1473 callem.

164 1495 240 1558 dum
257 1516 424 1557 numerum
441 1493 548 1570 miror,
566 1494 737 1570 “totidem‚
754 1506 844 1578 pater
861 1495 1008 1580 optime,''
1028 1496 1095 1561 dixi

86 1597 87 1601 ’
164 1587 222 1643 “tu
241 1578 318 1642 mihi
336 1580 377 1642 da
395 1578 480 1642 cives
498 1591 530 1643 66
545 1578 652 1642 inania
668 1580 793 1643 moenia
811 1580 953 1664 supple.''

163 1665 324 1729 intremuit
340 1664 499 1746 ramisque
517 1685 629 1728 sonum
647 1664 713 1729 sine
731 1665 857 1728 flamine
875 1665 967 1729 motis

96 1769 146 1818 636
163 1751 227 1814 alta
244 1750 331 1813 dedit
348 1753 492 1832 quercus.
536 1749 652 1835 pavido
670 1750 747 1813 mihi
765 1751 907 1814 membra
924 1751 1036 1816 timore

164 1836 365 1910 horruerant,
384 1833 571 1917 stabantque
590 1857 708 1900 comae.
752 1847 857 1900 tamen
876 1837 985 1901 oscula
1001 1849 1105 1904 terrae

163 1920 392 2003 roboribusque
409 1919 493 1984 dedi.
536 1942 595 1985 nec
612 1943 663 1985 me
681 1943 809 2005 sperare
825 1921 962 1986 fatebar:

164 2005 330 2090 sperabam
348 2017 454 2069 tamen
472 2017 566 2088 atque
584 2006 689 2070 animo
706 2029 778 2071 mea
794 2017 869 2070 vota
886 2006 1046 2072 fovebam.

163 2114 228 2156 nox
245 2090 343 2168 subit,
362 2102 393 2155 et
411 2090 494 2155 curis
512 2091 649 2156 exercita
667 2113 799 2177 corpora
816 2114 945 2157 somnus

97 2195 146 2245 665
164 2187 308 2262 occupat.
353 2186 424 2241 ante
443 2177 551 2240 oculos
569 2177 681 2242 eadem
698 2177 775 2241 milri
793 2200 927 2260 quercus
945 2179 1057 2245 adesse

164 2275 196 2328 et
212 2283 316 2326 ramos
333 2262 465 2326 totidem
483 2262 677 2346 totidemque
694 2262 842 2326 animalia
859 2264 954 2328 ramis

163 2349 246 2413 ferre
264 2347 328 2412 suis
346 2347 414 2411 visa
431 2358 493 2423 est,
510 2349 689 2432 pariterque
705 2361 894 2415 tremescere
905 2362 993 2414 motu

163 2433 421 2520 graniferumque
439 2455 555 2582 agmen
573 2433 721 2498 subiectis
739 2456 888 2519 spargere
903 2435 938 2498 in
954 2436 1053 2500 arvis:

163 2541 304 2585 66666666
321 2519 407 2602 quod
424 2541 461 2582 su
484 2519 529 2582 ito
547 2530 578 2583 et
594 2520 696 2583 maius
713 2519 878 2603 maiusque
896 2520 996 2585 videri

96 2624 145 2673 646
163 2627 201 2669 66
219 2628 252 2670 66
270 2605 380 2670 tollere
396 2604 494 2668 humo
511 2615 661 2687 rectoque
679 2605 823 2670 assistere
840 2617 962 2682 truncO,

164 2701 196 2756 et
211 2690 345 2754 maciem
361 2711 592 2774 numerumque
609 2691 728 2774 pedum
743 2690 934 2775 nigrumque
952 2692 1091 2756 colorem

162 2798 279 2862 ponere
297 2787 329 2839 et
345 2775 517 2839 humanam
533 2775 684 2840 membris
701 2776 850 2840 inducere
868 2777 1012 2840 formam.

163 2883 292 2925 somnus
311 2860 386 2926 abit
430 2861 546 2925 damno
563 2861 699 2946 vigilans
715 2884 786 2926 mea
803 2862 881 2938 visa,
899 2884 1077 2946 querorque

162 2946 195 3009 in
215 2946 335 3031 superis
353 2946 422 3031 opis
440 2969 508 3011 esse
525 2946 613 3010 nihil.
657 2959 690 3010 at
706 2947 738 3010 in
757 2947 887 3011 aedibus
904 2947 1017 3032 ingens

97 3051 145 3099 645
163 3055 307 3095 murmur
324 3043 405 3108 erat,
423 3052 582 3115 vocesque
599 3032 763 3095 hominum
781 3032 930 3096 exaudire
948 3032 1080 3097 videbar

161 3118 224 3182 iam
242 3117 320 3180 mihi
337 3117 492 3181 desuetas.
537 3118 613 3181 dum
631 3118 772 3203 suspicor
788 3117 845 3181 has
863 3138 989 3201 quoque
1007 3119 1120 3196 somni,

163 3225 236 3268 ecce
254 3203 340 3267 venit
356 3202 510 3267 Telamon
528 3225 680 3288 properus
697 3202 881 3286 foribusque
898 3202 1029 3267 reclusis

163 3295 309 3374 “speque
325 3287 465 3371 fideque,
484 3287 602 3373 pater,'’
621 3288 700 3352 dixit
718 3288 862 3352 “maiora
878 3287 1011 3353 videbis.

162 3372 352 3459 egrederel’'
371 3373 529 3457 egredior:
548 3374 719 3458 qualesque
737 3374 770 3437 in
787 3373 925 3459 imagine
943 3373 1047 3438 somni

95 3479 144 3527 656
162 3460 248 3523 visus
267 3481 352 3523 eram
370 3459 486 3523 vidisse
504 3459 602 3536 viros,
621 3483 661 3524 ex
679 3459 788 3524 ordine
805 3461 883 3524 tales

162 3544 279 3630 aspicio
296 3565 472 3627 nosceque3
491 3545 608 3609 adeunt
625 3567 796 3630 regemque
814 3546 961 3610 salutant.

161 3642 236 3694 vota
253 3630 324 3693 lovi
341 3631 428 3693 solvo
445 3631 633 3715 populisque
651 3631 828 3695 recentibus
845 3631 956 3695 urbem

185 3715 280 3778 artior
297 3727 328 3779 et
346 3737 463 3779 vacuos
479 3715 590 3800 priscis
608 3716 780 3781 cultoribus
797 3738 904 3801 agros:

161 3738 445 3885 lllyrmidonasque
462 3823 556 3878 voco,
573 3823 632 3866 nec
650 3802 771 3887 origine
787 3801 916 3866 nomina
932 3801 1057 3868 fraudo.

95 3904 143 3953 655
162 3907 293 3970 corpora
310 3885 426 3950 vidisti.
469 3908 587 3964 mores,
605 3908 684 3970 quos
703 3898 776 3953 ante
793 3888 956 3973 gerebant,

161 3992 380 4054 nuncquoque
389 3971 516 4036 habent:
526 3994 656 4057 parcum
665 3995 766 4058 genus
776 3983 823 4038 666
831 3972 1016 4058 patiensque
1024 3973 1179 4054 laborum,

161 4055 357 4145 quaesitique
374 4067 485 4136 tenax,
502 4069 535 4124 et
550 4058 636 4145 quod
652 4058 796 4144 quaesita
811 4070 960 4127 reservet.
