2574 4478
177 243 218 308 66
507 255 539 308 Ρ.
560 254 683 312 OVIDII
700 252 862 310 NASONIS

176 400 239 462 quo
257 377 349 442 simul
366 376 508 454 intravit,
526 400 677 462 sacroque
695 401 714 442 a
732 399 861 462 corpore
879 399 1024 461 pressum

175 464 329 550 ingemuit
346 463 454 535 limen,
474 463 533 527 tria
551 460 710 528 Cerberus
728 463 841 528 extulit
858 484 913 526 ora

108 569 158 620 450
178 562 209 614 et
225 561 289 614 tres
306 550 437 613 latratus
456 548 548 614 simul
566 548 673 614 edidit.
715 550 770 614 illa
787 570 910 613 sorores

175 635 276 700 Nocte
294 644 386 698 vocat
402 634 539 719 genitas,
556 657 654 719 grave
672 644 703 700 et
719 633 918 720 implacabile
935 657 1055 698 numen
1072 669 1116 684 -

176 720 309 786 carceris
327 720 500 785 anteferes
519 722 641 784 clausas
660 720 827 785 adamante
846 719 998 785 sedebant

176 808 278 891 deque
296 805 361 870 suis
379 815 462 869 atros
479 806 648 890 pectebant
665 807 803 870 crinibus
821 828 942 891 angues
958 829 1016 870 -ι

176 914 271 975 quam
289 891 382 955 simul
399 903 557 976 agnorunt
574 891 656 956 inter
673 891 815 977 caliginis
832 891 972 968 umbras,

107 996 156 1046 455
176 999 338 1042 surrexere
356 976 444 1041 deae.
488 977 578 1041 sedes
597 975 757 1041 Scelerata
773 987 914 1041 vocatur.

174 1063 295 1128 viscera
311 1061 484 1147 praebebat
501 1062 611 1146 Tityos
628 1062 791 1139 lanianda,
808 1083 987 1144 novemque

174 1149 336 1233 iugeribus
355 1147 507 1212 distentus
526 1158 607 1212 erat:
625 1147 696 1225 tibi,
714 1147 863 1225 Tantale,
879 1147 985 1213 nullae

176 1234 412 1319 deprenduntur
429 1255 545 1317 aquae,
563 1254 708 1317 quaeque
724 1234 881 1311 imminet,
899 1233 1014 1318 effugit
1032 1234 1139 1301 arbor:

175 1331 230 1383 aut
246 1319 327 1418 petis
345 1328 401 1382 aut
417 1341 512 1403 urges
530 1318 717 1397 reditumm,
737 1317 890 1403 Sisyphe,
907 1341 1037 1384 saxum:

106 1424 158 1474 460
176 1405 311 1470 volvrtur
327 1404 420 1468 Ixion
438 1414 520 1468 etse
538 1404 741 1487 sequiturque
759 1404 920 1490 fugitque:

174 1490 339 1573 molirique
358 1490 421 1553 suis
438 1491 536 1553 letum
553 1490 748 1574 patruelibus
766 1512 862 1555 ausae

175 1575 320 1640 assiduae
337 1585 496 1659 repetunt,
514 1596 593 1658 quas
610 1576 758 1660 perdant,
776 1575 904 1640 Belides
922 1576 1036 1642 undas.

175 1683 254 1744 quos
272 1682 380 1725 omnes
398 1659 464 1725 acie
482 1670 650 1744 postquam
669 1660 818 1726 Saturnia
835 1672 925 1726 torva

175 1746 267 1822 vidit,
286 1756 318 1811 et
335 1755 407 1811 ante
425 1767 533 1810 omnes
550 1745 677 1822 Ixiona,
694 1768 803 1811 rursus
820 1746 861 1809 ab
878 1747 933 1811 illo

107 1850 157 1899 465
177 1831 336 1916 Sisyphon
354 1831 508 1917 aspiciens
527 1837 598 1896 ‘cur
614 1831 666 1896 hic
684 1855 701 1896 e
719 1831 882 1896 fratribus'
900 1832 1004 1916 inquit

176 1923 358 2002 ‘perpetuas
376 1917 494 2001 patitur
509 1939 642 2002 poenas,
659 1916 856 1981 Athamanta
873 1918 1046 2002 superbum

175 2002 264 2087 regia
281 2003 369 2067 dives
386 2001 495 2079 habet,
513 2003 568 2085 qui
585 2024 636 2067 me
654 2024 728 2067 curn
745 2003 880 2088 coniuge
898 2026 1024 2088 semper

175 2087 325 2172 sprevitl'
344 2099 376 2152 et
393 2088 522 2173 exponit
539 2110 651 2152 causas
669 2088 795 2171 odiique
812 2088 955 2172 viaeque,

174 2172 313 2258 quidque
331 2173 415 2238 velit.
459 2172 545 2256 quod
562 2173 671 2251 vellet,
688 2185 769 2248 erat,
787 2196 827 2238 ne
844 2175 932 2259 regia
950 2171 1068 2240 Cadmi

105 2278 156 2328 440
175 2270 284 2336 staret,
303 2259 384 2323 etin
401 2258 524 2323 facinus
542 2259 701 2324 traherent
718 2260 914 2324 Athamanta
931 2282 1066 2326 sorores.

173 2344 355 2430 imperium,
372 2344 540 2430 promissa,
558 2367 668 2430 preces
687 2344 850 2410 confundit
867 2345 901 2409 in
918 2367 1019 2409 unum

173 2431 380 2514 sollicitatque
398 2430 483 2495 deas.
528 2431 573 2496 sic
590 2430 669 2496 haee
686 2431 808 2495 Iunone
825 2431 941 2508 locuta,

173 2516 346 2617 Tisiphone
364 2537 474 2593 canos,
492 2526 625 2592 uteret,
644 2515 770 2581 turbata
787 2516 916 2602 capillos

172 2613 272 2666 mont
289 2611 320 2667 et
337 2601 498 2667 obstantes
515 2601 623 2667 reiecit
640 2602 681 2666 ab
699 2624 752 2667 ore
770 2602 915 2666 colubras

104 2706 153 2755 475
172 2699 267 2770 atque
284 2687 329 2751 ita
346 2694 423 2752 ‘non
440 2687 544 2772 longis
562 2709 641 2772 opus
659 2699 706 2752 est
724 2687 926 2772 ambagibus’
944 2687 1064 2771 inquitr

173 2772 272 2837 ‘facta
287 2785 380 2858 puta,
398 2795 617 2857 quaecumque
634 2772 738 2837 iubes:
756 2771 925 2837 inamabile
942 2797 1077 2859 regnum

173 2858 283 2923 desere
300 2869 395 2941 teque
412 2858 496 2923 refer
513 2858 592 2923 caeli
609 2858 746 2922 melioris
764 2859 805 2922 ad
822 2858 935 2923 auras.’

171 2943 255 3008 laeta
271 2944 353 3009 redit
369 2944 461 3008 Iuno.
505 2965 602 3026 quam
619 2945 742 3008 eaelum
759 2944 875 3008 intrare
893 2955 1061 3028 parantem

170 3028 282 3094 roratis
299 3030 444 3094 lustravit
461 3029 551 3112 aquis
569 3029 796 3093 Thaumantias
814 3029 884 3093 Iris.

103 3136 154 3187 480
172 3137 353 3192 memora,
371 3113 543 3199 Tisiphone
560 3115 772 3180 madefactam
789 3115 942 3199 sanguine
960 3117 1058 3181 sumit

170 3201 349 3350 imdportuna
366 3201 484 3277 facem,
501 3201 662 3283 fluidoque
680 3222 790 3265 eruore
806 3200 973 3265 rubentem

170 3287 202 3351 in
226 3285 312 3350 uitur
328 3286 445 3371 pallam
462 3296 608 3369 tortoque
624 3285 796 3371 incingitur
813 3309 918 3371 angue
1017 3310 1033 3344 ο

170 3372 393 3458 egrediturque
411 3372 514 3435 domo,
557 3371 682 3436 Luctus
700 3371 867 3436 comitatur
884 3381 1012 3438 euntem

170 3469 202 3521 et
218 3456 327 3521 Pavor
343 3468 375 3522 et
392 3457 508 3521 Terror
526 3457 711 3541 trepidoque
727 3457 856 3520 Insania
873 3457 973 3522 vultu.

102 3563 151 3612 485
169 3543 277 3607 limine
295 3542 484 3606 constiterat.
527 3553 634 3627 postes
651 3543 816 3607 tremuisse
833 3541 979 3608 feruntur

170 3627 290 3704 Aeolii,
308 3628 471 3713 pallorque
488 3626 571 3693 fores
589 3626 698 3692 infecit
716 3627 876 3700 Avernus,

170 3713 279 3796 solque
297 3713 402 3778 locum
420 3712 513 3798 fugit.
556 3713 702 3777 monstris
721 3717 868 3779 exterrita
885 3713 1039 3793 coniunx,

170 3798 295 3862 territus
313 3811 361 3863 est
378 3798 545 3862 Athamas.
566 3809 714 3881 tectoque
731 3798 817 3863 exire
834 3799 1004 3883 parabant:

169 3883 290 3947 obstitit
306 3883 416 3948 infelix
434 3883 618 3966 aditumque
636 3884 760 3949 obsedit
776 3883 904 3970 Erinys,

102 3990 151 4042 490
168 3990 313 4052 nexaque
330 3969 464 4054 vipereis
483 3968 663 4034 distendens
682 3969 828 4035 bracchia
844 3970 934 4035 nodis

171 4053 340 4121 caesariem
358 4055 505 4120 excussit.
549 4064 653 4120 motae
671 4077 803 4121 sonuere
822 4056 985 4126 colubrae:
