2574 4478
241 243 609 302 METAMORPHOSEON
625 244 698 300 LIB.
717 245 740 299 Ι.
759 243 886 302 34-121.
1054 231 1075 298 3

57 380 151 436 natus
169 368 265 435 homo
284 379 344 434 est:
362 368 428 434 sive
445 367 530 433 hunc
548 368 654 433 divino
672 369 791 434 semine
809 367 885 434 fecit

58 457 111 522 ille
128 455 237 542 opifex
254 477 369 532 rerum,
386 455 497 519 mundi
513 454 649 519 melioris
666 455 766 540 origo,

60 542 127 607 sive
144 563 254 606 recens
271 540 363 605 tellus
380 540 573 623 seductaque
589 561 691 625 nuper
708 541 748 603 ab
767 540 830 604 alto

60 626 186 692 aethere
203 625 329 712 cognati
346 623 499 690 retinebat
515 625 636 690 semina
653 625 745 703 caeli3

60 733 157 794 quam
174 723 261 776 satus
278 711 397 795 Iapeto,
415 711 546 774 mixtam
562 710 741 775 fluvialibus
759 711 862 787 undis,

59 797 152 862 finxit
167 797 201 860 in
218 796 356 882 effigiem
373 794 592 861 moderantum
609 807 723 861 cuncta
740 797 881 862 deorum.

60 903 224 968 pronaque
241 904 314 946 cum
332 892 473 967 spectent
491 880 638 945 animalia
655 893 759 947 cetera
775 893 902 960 terram,

61 989 97 1032 os
115 967 234 1032 homini
251 967 385 1032 sublime
403 966 502 1042 dedit,
521 968 706 1050 caelumque
724 967 830 1033 videre
1094 989 1126 1039 85

60 1053 151 1118 iussit
170 1063 202 1118 et
218 1063 337 1117 erectos
355 1052 396 1116 ad
413 1052 516 1116 sidera
532 1053 640 1117 tollere
657 1053 773 1118 vultus.

60 1138 123 1214 sic,
140 1138 234 1204 modo
252 1159 334 1220 quae
350 1136 454 1202 fuerat
470 1137 556 1202 rudis
574 1150 606 1202 et
622 1137 690 1202 sine
706 1139 859 1224 imagine,
877 1140 969 1205 tellus

59 1224 165 1289 induit
181 1225 305 1309 ignotas
323 1222 484 1286 hominum
502 1223 798 1309 conversa'figuras.

103 1311 214 1374 Aurea
231 1308 333 1394 prima
351 1319 419 1372 sata
433 1319 480 1373 est
493 1319 589 1384 aetas,
607 1329 688 1392 quae
702 1309 826 1376 vindice
839 1312 936 1388 nullo,
977 1309 1103 1391 Quanam

61 1406 174 1481 sponte
191 1417 263 1471 sua,
281 1393 349 1459 sinc
366 1393 450 1479 lege,
467 1394 562 1458 fidem
580 1405 763 1478 rectumque
781 1397 913 1462 colebat.
938 1379 1026 1430 mana
1038 1387 1134 1432 (κάκ’

59 1503 165 1566 poena
180 1491 345 1562 metusque
362 1479 507 1556 aberant3
525 1501 584 1544 nec
600 1480 698 1544 verba
715 1480 865 1546 minantia
881 1483 945 1545 fixo
1092 1501 1123 1550 91

62 1589 135 1632 aere
152 1565 348 1650 legebantur,
365 1587 424 1629 nec
441 1565 574 1650 supplex
591 1564 684 1629 turba
700 1566 831 1631 timebat

60 1651 174 1717 iudicis
192 1673 248 1715 ora
264 1650 328 1727 sui,
346 1651 509 1715 sederant
527 1651 593 1715 sine
610 1650 734 1715 vindice
752 1652 821 1716 tuti.

59 1737 203 1803 nondum
220 1757 313 1800 caesa
329 1736 407 1813 suis,
425 1736 625 1821 peregrinum
642 1747 677 1800 ut
695 1737 809 1802 viseret
825 1739 944 1817 orbem,

60 1821 222 1888 montibus
238 1822 272 1885 in
288 1821 424 1905 liquidas
441 1821 533 1906 pinus
552 1821 757 1887 descenderat
773 1823 874 1888 undas
879 1847 889 1901 3

59 1908 211 1990 nullaque
228 1907 376 1971 mortales
393 1917 517 1992 praeter
534 1928 592 1970 sua
608 1906 700 1971 litora
716 1918 838 1972 norant.

58 1992 203 2058 nondum
220 1992 406 2078 praecipites
423 1992 591 2076 cingebant
608 1991 725 2076 oppida
742 1991 845 2058 fossae
850 2016 860 2070 3

59 2100 127 2143 non
143 2077 222 2142 tuba
239 2077 362 2155 directi,
379 2099 443 2141 non
461 2077 541 2142 aeris
559 2098 676 2141 cornua
692 2078 774 2153 flexi,

58 2185 127 2228 non
143 2163 268 2248 galeae,
285 2184 348 2227 non
366 2162 449 2227 ensis
467 2172 544 2239 erat3
567 2163 634 2227 sine
651 2164 758 2230 militis
776 2190 837 2232 usu

11 2314 14 2321 ,
58 2249 170 2314 mollia
186 2269 315 2313 securae
331 2247 525 2350 peragebant
542 2251 605 2313 otia
622 2258 741 2332 gentes.

59 2336 132 2420 ipsa
149 2353 274 2416 quoque
291 2333 439 2397 immums
456 2344 619 2416 rastroque
636 2334 754 2398 intacta
770 2355 829 2399 nec
846 2333 919 2399 ullis

61 2419 172 2484 saucia
188 2418 367 2483 vomeribus
384 2441 441 2503 per
458 2441 491 2483 se
509 2418 603 2482 dabat
622 2419 727 2482 omnia
743 2419 850 2483 tellust

14 2566 17 2573 .
61 2503 263 2586 contentique
280 2502 358 2567 cibis
375 2504 461 2568 nullo
480 2516 611 2589 cogente
629 2505 740 2568 creatis

61 2591 210 2655 arbuteos
227 2588 310 2653 fetus
327 2598 537 2672 montanaque
554 2589 644 2674 fraga
661 2589 809 2675 legebant

62 2695 221 2758 cornaque
239 2684 270 2738 et
287 2674 319 2737 in
336 2674 422 2738 duris
440 2674 601 2739 haerentia
617 2696 705 2738 mora
721 2675 850 2750 rubetis,

61 2771 95 2826 et
112 2780 193 2843 quae
211 2758 390 2823 deciderant
407 2759 516 2845 patula
532 2759 617 2824 Iovis
636 2759 746 2824 arbore
763 2759 904 2845 glandes.

23 2848 28 2853 ’
62 2854 202 2910 vorarat
219 2855 394 2920 aeternum,
413 2844 590 2930 placidique
608 2845 786 2929 tepentibus
804 2846 887 2910 auris

62 2930 241 2994 mulcebant
258 2928 388 3014 zephyri
404 2941 494 2995 natos
512 2930 579 2994 sine
597 2929 715 2995 semine
731 2931 833 2995 flores.

26 3080 29 3087 ,
62 3038 136 3079 mox
154 3016 247 3080 etiam
265 3013 373 3099 fruges
390 3014 484 3079 tellus
501 3014 622 3078 inarata
638 3014 770 3090 ferebat,

63 3123 120 3166 nec
137 3110 305 3164 renovatus
323 3119 399 3185 ager
415 3099 554 3185 gravidis
572 3101 704 3164 canebat
721 3101 837 3165 aristis:

63 3185 192 3250 flumina
208 3185 272 3248 iam
289 3184 391 3261 lactis,
408 3185 472 3249 iam
489 3186 619 3251 flumina
635 3185 768 3250 nectaris
786 3186 883 3262 ibant,

63 3272 207 3354 flavaque
224 3270 264 3334 de
281 3270 372 3333 viridi
390 3270 550 3335 stillabant
566 3271 637 3335 ilice
654 3271 756 3335 mella.

15 3364 37 3451 ξ
103 3356 292 3438 Postquam,
311 3353 449 3421 Saturno
467 3357 633 3421 tenebrosa
648 3355 681 3420 in
699 3355 831 3420 Tartara
848 3356 954 3434 misso,

10 3438 38 3517 Ἀ...
64 3442 121 3506 sub
138 3441 216 3504 Iove
233 3441 369 3505 mundus
387 3452 468 3518 erat,
486 3441 580 3505 subiit
597 3450 746 3527 argentea
761 3441 865 3527 proles

64 3549 138 3591 auro
156 3524 301 3601 deterior,
317 3526 405 3590 fulvo
422 3527 586 3611 pretiosior
602 3549 683 3592 aere.

34 3606 43 3683 -ἦ
63 3611 203 3696 Iuppiter
220 3611 339 3694 antiqui
358 3612 512 3676 contraxit
529 3622 670 3697 tempora
687 3611 780 3687 veris,

32 3710 42 3781 ,ᾗ
64 3717 179 3781 perque
197 3694 315 3760 hiemes
333 3708 500 3780 aestusque
518 3709 549 3762 et
565 3697 744 3781 inaequales
762 3708 928 3763 autumnos

25 3784 44 3869 ‘2'-
64 3794 94 3845 et
108 3781 204 3848 breve
220 3803 277 3846 ver·
293 3782 402 3881 spatiis
419 3782 524 3883 exegit
541 3793 690 3865 quattuor
706 3805 833 3847 annum.

28 3868 45 3941 ’ἦ
64 3876 128 3931 tum
143 3867 280 3953 primum
297 3867 388 3931 srccis
406 3873 459 3932 ae’r
475 3867 650 3932 lervoribus
667 3878 757 3932 ustus

29 3936 46 4049 l
64 3953 201 4027 canduit,
220 3962 252 4016 et
268 3953 368 4016 ventis
386 3953 503 4036 glacies
521 3953 647 4017 astricta
664 3953 821 4039 pependit.

41 4088 46 4103 ..
64 4045 126 4102 tum
141 4037 279 4124 primum
296 4036 420 4109 subiere
438 4038 563 4103 domus:
582 4038 693 4103 domus
711 4050 801 4104 antra
816 4039 945 4118 fuerunt
