2574 4478
219 294 259 360 16
546 308 580 363 Ρ.
599 308 722 365 OVIDII
739 307 901 365 NASONIS

151 451 201 502 656
218 441 283 498 ‘me
300 431 477 497 miseruml'
496 433 651 498 exclamat
667 443 756 518 pater
773 432 926 510 Inachus,
944 433 1039 517 inque
1056 430 1209 517 gementis

220 518 367 582 cornibus
384 530 416 584 et
431 518 543 583 niveae
560 518 702 604 pendens
719 519 840 583 cervice
856 519 1008 583 iuvencae

219 609 284 668 ‘me
302 603 479 668 miseruml'
497 602 680 688 ingeminat,
699 609 788 668 ‘tune
807 627 855 680 66,
874 605 1016 687 quaesita
1033 626 1089 690 per
1107 624 1214 667 omnes

218 701 294 754 nata
310 689 387 752 mihi
404 690 521 754 terras?
537 701 572 752 tu
589 711 654 753 non
669 689 798 754 inventa
814 701 939 775 reperta

219 775 322 839 luctus
341 797 409 839 eras
427 775 534 839 levior.
577 775 689 840 retices
706 797 766 838 nee
782 787 894 840 mutua
909 774 1023 839 nostris

152 875 201 925 655
219 861 302 925 dicta
318 859 416 925 refers
422 883 431 936 3
450 861 513 924 alto
531 869 653 924 tantum
671 860 806 945 suspiria
824 860 912 924 ducis

218 956 359 1031 pectore,
378 946 527 1029 quodque
544 968 642 1010 unum
659 956 764 1030 potes,
782 946 823 1009 ad
840 969 912 1010 mea
928 945 1025 1010 verba
1042 943 1190 1030 remugis.

219 1042 253 1095 at
269 1031 326 1094 tibi
343 1052 403 1115 ego
419 1031 548 1116 ignarus
565 1031 719 1095 thalamos
737 1032 906 1115 taedasque
924 1033 1085 1116 parabam,

220 1138 354 1201 spesque
372 1117 432 1180 fuit
448 1117 556 1202 generi
573 1117 650 1180 mihi
666 1118 782 1202 prima,
799 1118 938 1182 secunda
954 1128 1114 1201 nepotum.

220 1203 259 1265 de
276 1224 374 1301 grege
392 1225 476 1267 nunc
492 1202 550 1266 tibi
568 1203 625 1278 vir,
642 1225 727 1266 nunc
744 1203 784 1268 de
801 1225 899 1288 grege
915 1213 1008 1267 natus
1025 1199 1203 1266 habendus!

152 1303 203 1353 666
219 1309 279 1351 nec
296 1287 384 1351 finire
401 1288 475 1352 licet
491 1298 594 1352 tantos
611 1287 688 1352 mihi
704 1299 804 1352 morte
823 1288 959 1365 dolorem

220 1374 275 1437 sed
292 1383 399 1449 nocet,
417 1395 485 1437 6666
503 1373 612 1448 deum,
630 1374 856 1459 praeclusaque
873 1375 968 1439 ianua
984 1373 1038 1439 leti

219 1468 381 1522 aeternum
397 1470 520 1523 nostros
538 1459 641 1523 luctus
659 1459 799 1523 extendit
814 1460 848 1523 in
866 1459 999 1524 aevum!

135 1621 136 1624 Ἴ
220 1544 295 1607 talia
312 1554 503 1608 maerentem
520 1545 662 1608 stellatus
680 1555 857 1610 summovet
874 1547 993 1630 Argus,

220 1640 423 1713 ereptamque
441 1629 523 1714 patri
540 1629 665 1694 diversa
681 1630 715 1693 in
731 1652 850 1715 pascua
866 1642 974 1695 natam

153 1732 202 1782 665
220 1714 386 1778 abstrahit:
410 1719 478 1802 ipse
495 1715 605 1799 procul
621 1715 737 1780 montis
755 1716 888 1780 sublime
906 1739 1057 1780 cacumen

221 1800 472 1884 occupat‚=unde
490 1800 602 1866 sedens
619 1812 724 1886 partes
743 1803 923 1887 speculatur
939 1801 972 1865 in
989 1824 1107 1866 omnes.

262 1885 331 1949 Nec
349 1908 497 1971 superum
514 1896 618 1951 rector
633 1887 717 1950 mala
735 1897 821 1951 tanta
837 1887 1034 1951 Phoronidos
1051 1889 1134 1951 ultra

220 1970 303 2034 ferre
319 1982 435 2055 potest,
451 1982 625 2054 natumque
642 1983 748 2048 vocat,
766 1994 860 2056 quem
877 1973 982 2037 lucida
998 1983 1092 2057 partu

219 2055 326 2120 Ple'r'as
344 2057 438 2120 enixa
454 2068 515 2134 est,
534 2057 659 2140 letoque
677 2058 744 2135 det,
763 2058 911 2143 imperat,
929 2059 1065 2143 Argum.

154 2156 204 2207 tto
220 2163 319 2226 parva
335 2163 424 2206 mora
441 2153 501 2219 est,
520 2143 586 2206 alas
603 2143 737 2228 pedibus
754 2143 938 2228 virgamque
955 2143 1075 2228 potenti

222 2227 424 2291 somniferam
441 2228 611 2312 sumpsisse
628 2251 725 2292 manu
751 2230 954 2316 tegimenque
973 2229 1102 2313 capillis.

221 2311 300 2376 haec
317 2312 373 2376 ubi
391 2313 557 2398 disposuit,
575 2314 678 2398 patria
694 2315 771 2378 Iove
787 2326 880 2378 natus
899 2314 939 2379 ab
958 2336 1028 2378 arce

222 2397 325 2462 desilit
341 2399 374 2461 iu
391 2410 499 2463 terras.
542 2399 606 2464 illic
633 2401 835 2488 tegimenque
853 2399 985 2464 removit

222 2493 254 2547 66
270 2483 376 2567 posuit
392 2507 527 2569 pennas:
544 2485 761 2549 tantummodo
779 2487 869 2570 virga
885 2495 1007 2549 retenta
1024 2493 1081 2549 est.

154 2585 203 2635 675
221 2567 282 2632 hac
300 2568 366 2652 agit
382 2581 419 2633 ut
434 2581 542 2655 pastor
558 2593 615 2655 per
632 2570 725 2635 devia
741 2593 815 2634 rura
832 2572 977 2655 capellas,

222 2653 297 2715 dum
316 2654 415 2731 venit,
434 2655 600 2731 adductas,
618 2666 650 2720 et
667 2656 792 2720 structis
810 2667 916 2720 cantat
933 2655 1049 2721 avenis.

222 2760 299 2803 voce
316 2760 399 2802 nova
417 2752 527 2825 captus
545 2752 649 2804 custos
666 2741 820 2805 Iunonius
838 2748 886 2804 ‘at
903 2754 948 2817 tu,

222 2824 363 2905 quisquis
381 2848 429 2900 66,
448 2825 508 2889 hoo
524 2836 649 2910 poteras
666 2847 791 2889 mecum
809 2826 970 2890 considere
988 2825 1079 2889 saxo’

221 2911 331 2994 Argus
349 2910 407 2987 ait,
426 2918 542 2994 ‘neque
560 2912 643 2975 enim
660 2911 765 2995 pecori
782 2912 947 2975 fecundior
964 2912 1027 2975 ullo

154 3012 203 3062 686
221 2994 319 3058 herba
336 2996 405 3059 loco
423 3007 484 3070 666,
503 3007 671 3081 aptamque
689 2996 776 3061 vides
793 2997 971 3081 pastoribus
989 2996 1153 3062 umbram.⁵

221 3079 302 3143 sedit
318 3080 519 3145 Atlantiades
537 3093 568 3146 et
586 3093 712 3146 euntem
730 3083 830 3146 multa
846 3082 1004 3165 loquendo

221 3165 353 3229 detinuit
371 3189 513 3231 sermone
532 3167 629 3242 diem,
647 3166 823 3251 iunctisque
841 3168 983 3232 canendo

221 3251 347 3316 vincere
364 3251 591 3316 harundinibus
610 3253 766 3317 servantia
783 3253 903 3317 lumina
919 3263 1062 3337 temptat.

220 3336 273 3400 ille
291 3348 396 3400 tamen
414 3348 536 3422 pugnat
552 3338 662 3402 molles
680 3340 824 3404 evincere
842 3361 969 3402 somnos

153 3439 202 3490 685
221 3433 267 3496 66,
285 3423 429 3503 quamvis
447 3445 541 3508 sopor
558 3434 605 3487 est
622 3425 784 3489 oculorum
801 3437 890 3509 parte
907 3434 1062 3508 receptus,

220 3518 309 3590 parte
326 3518 432 3574 tamen
449 3509 568 3593 vigilat.
613 3511 735 3592 quaerit
753 3531 878 3593 quoque
895 3508 1048 3593 (namque
1065 3520 1190 3594 reperta

220 3593 324 3655 fistula
342 3615 443 3677 nuper
460 3594 551 3678 erat),
569 3615 632 3677 qua
649 3596 689 3659 sit
705 3596 824 3660 ratione
841 3606 976 3681 reperta.

220 3690 288 3740 tum
305 3678 383 3742 deus
402 3679 570 3744 ‘Arcadiae
587 3679 699 3764 gelidis
716 3683 749 3743 in
766 3682 939 3745 montibus'
956 3681 1059 3763 inquit
1112 3697 1235 3766 (Syriae.)

221 3762 315 3826 ‘inter
331 3764 574 3849 Hamadryadas
592 3766 794 3831 celeberrima
811 3766 1007 3831 Nonacrinas

151 3864 202 3915 696
220 3846 317 3910 Naias
335 3870 399 3913 uua
416 3850 490 3926 fuit;
508 3850 667 3935 nymphae
686 3850 824 3936 Syringa
840 3851 1006 3916 vocabant

218 3952 283 3996 non
300 3934 397 3997 semel
415 3946 446 3999 66
464 3933 596 4020 Satyros
614 3936 749 4001 eluserat
766 3938 821 4002 illa
837 3948 1014 4021 sequentes,

219 4029 251 4082 et
268 4038 483 4103 quoscumque
502 4020 577 4086 deos
594 4021 783 4088 umbrosave
801 4023 880 4088 silva
895 4022 1025 4088 feraxve

217 4125 272 4171 rus
289 4102 395 4170 habet.
438 4103 608 4192 Ortygiam
626 4107 737 4173 studiis
755 4108 886 4194 ipsaque
904 4108 1029 4173 colebat
