2574 4478
220 296 585 355 METAMORPHOSEON
601 296 673 354 LIB.
695 296 759 356 VII.
778 299 921 355 526-613.
1023 286 1084 350 119

57 421 134 485 inde
153 442 267 506 graves
284 421 376 485 multi
392 433 553 505 nequeunt
571 444 761 507 consurgere
779 432 811 486 et
827 421 903 506 ipsis
1102 443 1151 490 570

57 507 272 571 inmoriuntur
289 506 380 590 aquis
396 542 440 553 —
457 505 570 590 aliquis
588 517 695 572 tamen
712 507 818 571 haurit
835 519 866 573 et
883 507 962 572 illas.

58 604 214 674 tantaque
232 603 305 656 sunt
322 592 444 656 miseris
461 592 554 657 invisi
571 592 676 657 taedia
693 592 780 657 lecti:

57 676 242 764 prosiliunt,
261 687 316 742 aut
333 677 358 741 si
377 677 544 761 prohibent
561 678 729 742 consistere
747 678 840 753 vires,

58 784 194 848 corpora
212 762 384 826 devolvunt
400 763 432 826 in
451 761 593 826 humum.
636 762 826 847 fugiuntque
844 763 981 829 Penates

58 849 196 932 quisque
215 869 303 924 suos,
321 870 380 911 sua
397 848 511 930 cuique
530 849 642 912 domus
659 848 786 912 funesta
804 849 941 914 videtur:

58 945 92 998 et
110 933 185 1015 quia
203 955 299 997 causa
316 933 407 1009 latet,
424 934 512 997 locus
530 944 578 998 est
595 934 627 996 in
646 933 785 997 crimine.
830 935 944 1020 partim

58 1018 261 1084 semianimes
280 1040 384 1082 errare
402 1019 476 1095 viis,
494 1019 570 1082 dum
589 1030 671 1083 stare
689 1019 846 1094 valebant,

58 1104 232 1188 aspiceres3
250 1104 361 1168 flentes
380 1104 457 1168 alios
476 1115 621 1187 terraque
639 1105 777 1169 iacentes

56 1190 207 1272 lassaque
224 1200 385 1253 versantes
404 1211 551 1274 supremo
568 1190 689 1253 lumina
706 1201 804 1253 motu.

57 1274 266 1358 membraque
284 1274 443 1358 perdentis
461 1274 594 1339 tendunt
612 1275 653 1338 ad
671 1274 773 1338 sidera
791 1275 879 1353 caeli,

57 1360 127 1436 hic,
145 1359 223 1435 illic,
242 1359 299 1423 ubi
316 1380 401 1423 mors
420 1359 642 1444 deprenderat,
661 1361 831 1424 exalantes.

57 1445 138 1528 quid
156 1444 233 1508 mihi
251 1455 326 1508 tunc
345 1444 442 1508 animi
459 1444 539 1508 fuit?
556 1468 597 1508 an
615 1446 702 1527 quod
719 1445 829 1510 debuit
847 1469 926 1524 esse,

57 1542 97 1593 ut
114 1530 211 1594 vitam
230 1530 367 1595 odissem
385 1541 417 1595 et
433 1552 581 1614 cuperem
599 1553 672 1615 pars
690 1554 759 1595 esse
777 1533 939 1596 meorum?

58 1637 125 1700 quo
143 1638 178 1681 se
196 1637 331 1698 cumque
349 1615 433 1680 acies
451 1616 614 1679 oculorum
631 1616 776 1693 flexerat,
793 1617 858 1682 illic

57 1702 177 1787 vulgus
196 1711 262 1765 erat
280 1711 426 1778 stratum,
444 1701 542 1765 veluti
560 1723 633 1766 cum
651 1703 756 1786 putria
773 1703 866 1767 motis

57 1808 156 1873 poma
174 1785 291 1851 cadunt
308 1787 418 1863 ramis,
437 1786 620 1871 agitataque
637 1787 708 1851 ilice
726 1788 868 1872 glandes.

57 1872 180 1959 templa
197 1872 285 1936 vides
303 1884 412 1936 contra
428 1872 580 1956 gradibus
598 1872 746 1936 sublimia
762 1874 881 1959 longis:

57 1958 205 2043 Iuppiter
222 1957 275 2022 illa
293 1967 387 2023 tenet.
432 1957 583 2040 quianon
601 1958 753 2022 altaribus
771 1958 831 2023 illis

57 2043 150 2108 irrita
166 2054 238 2107 tura
255 2043 359 2107 dedit?
376 2043 521 2126 quotiens
538 2065 596 2127 pro
615 2043 748 2128 coniuge
767 2045 915 2123 coniunx,

58 2151 118 2214 pro
137 2138 233 2214 gnato
251 2129 385 2214 genitor,
404 2128 479 2193 dum
497 2128 596 2194 verba
611 2130 773 2214 precantia
791 2129 877 2208 dicit,

58 2236 124 2278 non
143 2213 278 2279 exoratis
296 2214 433 2278 animam
450 2214 552 2279 finivit
568 2214 602 2279 in
619 2214 691 2291 aris,

58 2300 157 2383 inque
174 2322 271 2363 manu
288 2300 366 2364 turis
383 2323 456 2385 pars
474 2300 695 2386 inconsumpta
711 2311 835 2385 reperta
853 2301 914 2367 esti

59 2385 181 2449 admoti
198 2386 343 2469 quotiens
361 2385 500 2472 templis,
519 2386 596 2449 dum
613 2396 687 2450 vota
706 2387 852 2451 sacerdos

60 2470 199 2556 concipit
216 2481 248 2535 et
265 2470 370 2535 fundit
386 2493 502 2556 purum
518 2471 601 2537 inter
618 2492 737 2536 cornua
753 2471 873 2549 vinum,

58 2556 148 2620 haud
165 2567 329 2641 expectato
348 2557 528 2623 ceciderunt
545 2557 675 2622 vulnere
693 2557 790 2621 taurii

58 2641 128 2728 ipse
147 2663 207 2726 ego
225 2664 314 2706 sacra
331 2642 401 2707 Iovi
417 2665 475 2728 pro
492 2665 543 2708 me
560 2643 725 2728 patriaque
743 2643 918 2727 tribusque

60 2751 134 2793 cum
152 2728 290 2793 facerem
307 2727 403 2803 natis,
420 2728 561 2814 mugitus
579 2728 706 2793 victima
723 2728 808 2792 diros

60 2812 160 2878 edidit
177 2823 209 2877 et
226 2812 330 2878 subito
348 2814 487 2898 collapsa
504 2813 571 2879 sine
588 2814 703 2879 ictibus
721 2814 793 2878 ullis

61 2900 177 2982 exiguo
196 2898 288 2963 tinxit
305 2898 463 2963 subiectos
481 2900 634 2984 sanguine
652 2901 778 2964 cultros.

59 2994 134 3047 exta
159 3005 284 3067 quoque
301 3006 399 3069 aegra
415 2995 506 3049 notas
523 2985 589 3049 veri
606 2986 807 3068 monitusque
825 2985 957 3051 deorum

58 3069 272 3154 perdiderant.
293 3069 397 3134 tristes
414 3080 580 3154 penetrant
597 3070 638 3134 ad
655 3071 777 3135 viscera
794 3071 906 3137 morbi.

60 3167 134 3219 ante
152 3175 257 3219 sacros
274 3155 340 3219 vidi
356 3155 496 3240 proiecta
513 3156 668 3220 cadavera
685 3169 800 3241 postes,

59 3251 133 3305 ante
151 3240 251 3325 ipsas,
268 3262 332 3324 quo
350 3263 434 3304 mors
452 3240 534 3305 foret
550 3241 742 3317 invidiosior,
761 3265 841 3306 aras.

58 3348 132 3411 pars
152 3325 289 3390 animam
305 3327 419 3409 laqueo
438 3327 589 3391 claudunt
606 3327 778 3410 mortisque
795 3328 939 3393 timorem

58 3421 161 3476 morte
178 3411 293 3496 fugant
309 3412 454 3496 ultroque
472 3425 587 3477 vocant
605 3413 762 3478 venientia
778 3414 854 3478 fata.

59 3519 193 3582 corpora
210 3496 306 3560 missa
322 3496 393 3562 neci
411 3498 505 3562 nullis
523 3498 563 3562 de
580 3520 667 3564 more
684 3498 830 3564 feruntur

58 3582 239 3648 funeribus:
257 3602 361 3665 neque
379 3584 462 3648 enim
481 3584 648 3669 capiebant
665 3585 777 3649 funera
793 3596 913 3669 portae.

59 3681 114 3733 aut
130 3667 296 3732 inhumata
312 3679 460 3754 premunt
477 3679 591 3746 terras,
608 3680 664 3735 aut
681 3671 796 3734 dantur
813 3670 846 3734 in
863 3673 943 3736 altos

56 3754 201 3818 indotata
218 3775 322 3839 rogos.
366 3764 397 3818 et
413 3754 477 3819 iam
495 3755 669 3820 reverentia
685 3755 772 3819 nulla
789 3766 850 3832 est3

58 3840 162 3922 deque
180 3839 265 3924 rogis
282 3850 440 3925 pugnant,
458 3840 629 3924 alienisque
646 3841 774 3925 ignibus
792 3841 912 3907 ardent.

57 3925 113 4008 qui
130 3924 305 3999 lacriment,
323 3925 452 4000 desunt,
469 3925 698 4010 indefletaeque
716 3937 872 4010 vagantur

56 4020 268 4094 natorumque
277 4020 469 4095 patrumque
479 4010 822 4095 animaeiuvenumque
840 4035 1028 4100 senumquet

55 4116 117 4163 nec
134 4095 225 4163 locus
241 4094 275 4162 in
291 4099 445 4176 tumulos,
462 4117 522 4164 neo
539 4097 656 4165 sufficit
673 4098 767 4165 arbor
783 4097 817 4164 in
833 4098 934 4186 ignes.
