2574 4478
168 212 212 279 94
486 223 519 280 Ρ.
536 224 662 282 'oulen
679 222 842 280 NASONIS

169 373 240 414 sum
256 350 347 415 felixz
366 348 436 433 quis
454 349 539 414 enim
555 372 595 413 ne
620 361 651 412 et
668 348 747 412 hoc?
763 347 903 429 felixque
920 343 1074 410 manebot

169 435 230 500 hoc
246 457 373 520 quoque
390 435 461 517 quis
479 371 619 499 dubitetl
636 444 738 498 tutam
754 455 806 496 me
824 431 915 517 copia
932 431 1018 496 fecit.

103 540 151 590 125
168 522 269 586 maior
286 544 371 597 sum,
389 542 485 604 quam
503 521 555 584 cui
571 521 670 605 possit
687 519 830 581 Fortuna
847 538 975 582 nocere:

169 608 331 690 multaque
348 617 385 670 nt
402 605 528 691 eripiat,
545 605 644 669 multo
662 604 739 667 mihi
756 604 848 688 plura
864 602 1030 684 relinquet.

169 715 331 758 excessere
348 702 468 755 metum
485 713 557 756 mea
572 691 637 753 iam
653 689 747 753 bona.
789 688 898 773 fingite
917 687 1001 752 demi

169 777 244 843 huic
260 775 379 860 aliquid
419 777 513 861 opulo
530 787 676 840 natorum
692 796 785 860 posse
801 795 954 849 meorum,

169 886 234 928 non
250 874 356 927 tamen
373 800 599 927 adnumerum
614 860 741 944 redigar
758 859 890 943 spoliata
908 859 1054 934 duorum,

103 966 154 1017 200
170 949 315 1013 Latonae
332 947 467 1012 turbam.
511 968 593 1031 quae
610 956 765 1030 quantum
782 944 878 1009 distat
894 944 934 1008 ab
953 944 1050 1029 orba?

170 1032 294 1096 infectis
311 1041 476 1116 properate
494 1032 600 1107 sacris,
617 1031 804 1112 laurumque
822 1031 942 1115 capillis

170 1116 298 1202 ponite?
342 1117 504 1201 deponunt
521 1128 553 1181 et
569 1137 658 1180 sacra
674 1115 792 1181 infecta
809 1117 999 1199 relinquunt,

173 1202 324 1286 quodque
341 1202 428 1278 licet,
445 1202 541 1266 tacito
559 1213 748 1266 venerantur
765 1210 925 1266 murmure
942 1224 1071 1269 numen.

171 1287 336 1373 indignata
352 1287 412 1352 dea
429 1298 490 1364 est,
508 1288 695 1370 summoque
712 1287 745 1350 in
762 1284 878 1351 vertice
897 1284 1016 1371 Cynthi

105 1389 154 1440 205
172 1373 288 1438 talibus
307 1383 354 1437 est
372 1372 462 1436 dictis
479 1373 607 1458 gemina
624 1395 697 1436 cum
715 1374 802 1456 prole
819 1372 938 1436 locuta:

173 1465 228 1523 ‘en
246 1480 306 1543 ego
324 1469 429 1522 vestra
445 1481 573 1543 parens,
591 1457 681 1522 vobis
700 1458 841 1521 animosa
858 1459 969 1522 creatis

61 1624 63 1626 Ι
172 1555 218 1620 et,
236 1543 297 1607 nisi
314 1543 443 1618 Iunoni,
460 1543 539 1607 nulli
557 1565 684 1608 cessura
702 1542 842 1618 dearum,

173 1651 213 1693 an
232 1629 291 1693 dea
308 1628 378 1705 sim,
396 1628 536 1727 dubitor!
554 1650 673 1714 perque
690 1629 795 1692 omnia
812 1629 939 1694 saecula
956 1629 1049 1695 cultis

174 1735 291 1790 arceor,
308 1734 328 1777 o
345 1725 425 1790 nati,
442 1715 503 1778 nisi
520 1737 576 1779 vos
595 1714 787 1789 succurritis,
806 1714 878 1778 aris.

106 1820 156 1870 210
172 1822 233 1864 nec
249 1799 339 1862 dolor
354 1797 406 1864 hic
424 1800 518 1864 solus.
562 1799 630 1864 diro
648 1799 788 1864 convicia
804 1800 889 1864 facto

173 1884 316 1949 Tantalis
334 1883 448 1949 adiecit
464 1906 583 1967 vosque
601 1896 649 1949 est
665 1896 854 1971 postponere
870 1885 953 1949 natis

173 1992 252 2034 ausa
268 1970 333 2034 suis
351 1980 383 2034 et
399 1993 464 2047 me,
483 1971 569 2052 quod
586 1970 619 2034 in
634 1971 738 2055 ipsam
754 1971 906 2047 reccidat,
924 1971 1036 2036 orbam

173 2055 253 2119 dixit
270 2066 301 2121 et
317 2054 460 2120 exhibuit
476 2056 618 2141 linguam
635 2055 787 2121 scelerata
802 2057 986 2141 paternam!

173 2141 334 2206 adiectura
351 2163 460 2225 preces
478 2152 545 2206 erat
561 2141 611 2205 his
628 2141 755 2206 Latona
771 2142 891 2207 relatis:

106 2248 155 2298 215
175 2226 310 2291 ‘desine'
328 2226 480 2292 Phoebus
497 2226 555 2303 ait,
573 2234 708 2312 ‘poenae
725 2249 814 2291 mora
830 2228 925 2312 longa
942 2228 1071 2310 querela
1089 2229 1157 2293 est’

173 2312 252 2377 dixit
267 2312 352 2377 idem
369 2311 500 2377 Phoebe
505 2337 514 2389 ;
532 2311 690 2396 celerique
707 2335 765 2397 per
781 2318 855 2377 aera
872 2313 964 2398 lapsu

173 2397 370 2483 contigerant
386 2398 461 2462 tecti
479 2395 654 2463 Cadmeida
670 2397 808 2462 nubibus
826 2420 940 2463 arcem.

172 2484 286 2570 planus
303 2493 371 2549 erat
386 2483 512 2566 lateque
527 2495 640 2569 patens
657 2505 756 2568 prope
773 2483 898 2548 moenia
915 2506 1058 2570 campus,

173 2568 307 2633 assiduis
323 2569 466 2654 pulsatus
484 2569 588 2653 equis,
605 2569 661 2633 ubi
678 2568 771 2632 turba
787 2579 926 2632 rotarum

106 2675 156 2724 220
173 2654 315 2736 duraque
333 2654 488 2718 mollierat
504 2653 661 2718 subiectas
678 2653 800 2739 ungula
816 2653 956 2740 glaebas.

173 2761 247 2824 pars
263 2739 308 2802 ibi
324 2739 364 2804 de
381 2750 502 2824 septem
518 2739 634 2824 genitis
650 2739 832 2824 Amphione
849 2739 948 2805 fortes

172 2825 388 2889 conscendunt
403 2825 438 2889 in
455 2845 552 2906 equos
569 2824 730 2909 Tyrioque
747 2824 892 2888 rubentia
909 2847 986 2889 suco

173 2921 263 2995 terga
280 2921 425 2995 premunt
442 2931 582 2992 auroque
599 2932 713 2994 graves
730 2911 933 2974 moderantur
949 2910 1100 2976 habenas.

109 3058 111 3062 ,
173 3017 191 3060 5
209 2995 323 3077 quibus
341 2996 500 3071 Ismenus,
517 2994 573 3078 qui
589 2994 682 3059 matri
700 2995 822 3059 sarcina
840 2996 1000 3078 quondam

106 3101 155 3151 225
173 3080 275 3165 prima
292 3103 367 3144 suae
385 3079 502 3155 flierat,
521 3080 596 3144 dum
614 3090 733 3144 certum
751 3080 849 3146 flectit
863 3081 898 3145 in
915 3082 1025 3146 orbem

172 3166 386 3251 quadrupedis
403 3186 514 3230 cursus
535 3167 776 3251 spumantiaque
794 3188 850 3230 ora
866 3178 999 3242 coercet,

173 3251 219 3315 ‘ei
235 3251 341 3315 mihil'
360 3252 535 3315 conclamat
551 3252 718 3336 medioque
736 3251 769 3314 in
786 3263 912 3337 pectore
929 3252 994 3317 fixa

172 3337 235 3401 tela
252 3337 347 3421 gerit,
363 3334 524 3420 frenisque
541 3359 637 3401 manu
653 3336 807 3402 moriente
822 3337 960 3402 remissis

172 3422 305 3486 inlatus
323 3445 342 3485 a
360 3422 470 3488 dextro
487 3423 639 3507 paulatim
657 3422 766 3487 defluit
783 3445 879 3487 armo.

107 3529 157 3579 230
173 3508 349 3593 proximus,
368 3508 474 3572 audito
492 3508 596 3572 sonitu
613 3509 780 3594 perinane
796 3507 973 3593 pharetrae,

173 3593 263 3656 frena
280 3593 377 3656 dabat
395 3592 538 3679 Sipylus:
557 3594 653 3659 veluti
671 3615 743 3657 cum
783 3594 920 3658 raescius
937 3593 1055 3659 imbres

173 3678 258 3742 nube
274 3678 358 3763 fugit
375 3680 443 3742 visa
460 3678 692 3763 pendentiaque
709 3616 848 3761 undique
866 3688 970 3743 rector

174 3762 305 3827 carbasa
322 3763 463 3840 deducit,
479 3786 520 3827 ne
538 3763 695 3846 qualevis
713 3765 822 3828 effluat
838 3787 925 3828 aura.

173 3848 263 3912 frena
280 3859 385 3913 tamen
403 3849 530 3914 dantem
547 3871 612 3914 non
630 3849 776 3914 evitabile
794 3849 892 3915 telum

106 3954 156 4008 255
175 3933 389 4016 consequitur,
407 3956 593 4018 summaque
610 3946 747 3999 tremens
765 3934 886 4000 cervice
903 3933 1020 4018 sagitta

175 4018 290 4114 haesit,
308 4030 341 4086 et
358 4020 486 4088 extabat
502 4021 624 4100 nudum
640 4021 680 4086 de
696 4031 824 4111 gutture
840 4020 969 4093 ferrum.
1085 4084 1088 4089 .
