2574 4478
272 216 639 276 nmrnuonrflosnou
655 219 727 274 nm.
746 221 781 277 v.
800 221 944 277 ees-nm
1078 207 1119 275 85

99 341 317 426 ruricolasque
335 343 432 408 boves
449 343 512 408 leto
531 342 617 408 dedit
634 365 772 426 arvaque
788 343 879 408 iussit

99 427 211 493 fallere
229 429 406 514 depositum
425 429 598 512 vitiataque
616 429 735 493 semina
753 429 837 494 fecit.
1137 452 1187 501 480

99 513 247 578 fertilitas
264 525 380 590 terrae,
398 515 497 577 latum
514 514 645 600 vulgata
661 537 718 598 per
734 515 853 590 orbem,

99 598 183 663 falsa
201 598 293 664 iacet.
336 598 446 683 primis
464 610 587 683 segetes
603 599 780 663 moriuntur
796 600 828 663 in
846 600 962 678 herbis,

100 696 133 748 et
151 685 246 748 modo
264 684 311 749 sol
327 684 458 760 nimius,
476 685 591 749 nimius
609 685 703 748 modo
721 685 848 770 corripit
864 686 975 763 imber,

100 769 268 853 sideraque
286 771 435 852 ventique
452 782 580 846 nocent,
598 770 772 852 avidaeque
789 772 933 836 volucres

100 855 223 919 semina
240 856 322 919 iacta
338 856 458 939 legunt.
501 856 610 919 lolium
628 855 796 938 tribulique
814 855 950 941 fatigant

99 940 239 1004 triticeas
256 962 374 1004 messes
392 951 424 1006 et
440 940 686 1025 inexpugnabile
703 962 844 1024 gramen.

99 1036 170 1089 tum
188 1038 283 1110 caput
300 1025 387 1090 Eleis
405 1026 559 1111 Alpheias
576 1026 688 1090 extulit
704 1026 798 1090 undis

99 1121 306 1194 rorantesque
323 1133 430 1176 comas
447 1135 467 1176 a
483 1111 586 1176 fronte
603 1110 737 1175 removit
753 1111 794 1175 ad
811 1134 904 1177 aures

100 1206 197 1279 atque
216 1196 260 1259 ait
276 1202 331 1260 “‘o
348 1207 413 1261 toto
431 1197 592 1280 quaesitae
610 1196 740 1282 virginis
757 1196 833 1262 orbe

99 1292 131 1345 et
149 1280 280 1366 frugum
297 1282 454 1367 genetrix,
472 1282 641 1346 immensos
659 1282 734 1346 siste
751 1282 885 1360 labores,

98 1389 181 1430 neve
200 1367 258 1430 tibi
274 1367 356 1431 fidae
374 1368 511 1432 violenta
527 1367 663 1432 irascere
681 1367 797 1432 terrael

99 1463 185 1516 terra
202 1451 280 1516 nihil
296 1452 424 1527 meruit,
442 1453 606 1537 patuitque
624 1453 723 1518 invita
739 1453 877 1537 rapinae.

98 1559 159 1601 nec
177 1559 248 1600 sum
265 1560 322 1622 pro
340 1538 442 1622 patria
459 1539 607 1623 supplex:
626 1537 688 1602 huo
705 1539 830 1623 hospita
847 1539 930 1616 veni,

97 1621 178 1686 Pisa
195 1622 273 1685 mihi
290 1623 391 1708 patria
409 1634 469 1699 est,
488 1635 519 1687 et
537 1623 577 1687 ab
597 1623 688 1689 Elide
707 1624 850 1689 ducimus
868 1637 970 1689 ortus:

99 1706 263 1772 Sicaniam
280 1709 448 1793 peregrina
464 1709 543 1772 colo.
587 1710 643 1773 sed
660 1709 779 1793 gratior
796 1711 881 1773 omni

97 1793 179 1857 haec
196 1793 274 1856 mihi
291 1804 374 1858 terra
391 1794 457 1857 solo
475 1805 532 1858 est.
575 1794 634 1858 hos
650 1817 736 1858 nunc
753 1795 914 1859 Arethusa
930 1794 1078 1873 Penates,

97 1879 182 1942 hano
200 1878 301 1943 habeo
320 1879 442 1944 sedem:
461 1901 557 1961 quam
575 1889 625 1955 tu,
642 1879 821 1957 mitissima,
840 1903 940 1945 serva.

98 1974 187 2027 mota
203 1963 273 2028 loco
291 1986 348 2028 cur
365 1965 424 2028 sim
442 1965 582 2046 tantique
600 1987 657 2050 per
674 1965 818 2048 aequoris
835 1966 938 2029 undas

98 2048 239 2113 advehar
257 2046 441 2134 Ortygiam,
459 2050 564 2114 veniet
580 2050 758 2114 narratibus
775 2051 853 2115 hora

97 2134 287 2218 tempestiva
304 2135 396 2211 meis,
415 2157 488 2198 cum
505 2147 540 2199 tu
558 2157 696 2220 curaque
712 2137 817 2201 levata

99 2230 132 2284 et
150 2220 256 2284 vultus
274 2220 411 2285 melioris
429 2221 499 2285 eris.
543 2221 620 2284 mihi
661 2222 747 2286 ervia
763 2221 856 2286 tellus

96 2304 230 2454 praebet
245 2305 316 2382 iter,
334 2306 504 2388 subterque
521 2305 601 2369 imas
619 2244 725 2370 alilata
742 2328 893 2372 cavernas

121 2391 151 2454 ic
169 2401 265 2474 caput
282 2391 390 2454 attollo
408 2391 601 2473 desuetaque
619 2391 722 2456 sidera
739 2414 843 2456 cerno.

97 2497 176 2560 ergo
195 2477 271 2539 dum
290 2475 404 2560 Stygio
423 2476 482 2540 sub
500 2476 590 2539 terris
608 2477 734 2561 gurgite
752 2477 851 2553 labor,

96 2561 168 2624 visa
186 2572 305 2625 tuaest
323 2562 421 2625 oculis
438 2561 503 2625 illic
519 2561 712 2648 Proserpina
728 2563 856 2626 nostris:

95 2646 153 2710 illa
171 2646 299 2728 quidem
317 2647 429 2723 tristis,
447 2669 550 2730 neque
568 2648 672 2710 adhuc
689 2648 831 2712 interrita
849 2648 949 2727 vultu,

97 2732 156 2796 sed
174 2733 283 2817 regina
301 2741 421 2808 tamen,
439 2734 495 2797 sed
513 2733 603 2816 opaci
620 2733 758 2796 maxima
775 2733 895 2809 mundi,

97 2817 155 2881 sed
173 2827 278 2881 tamen
296 2817 410 2881 inferni
427 2818 549 2902 pollens
566 2828 709 2882 matrona
726 2817 892 2902 tyranni.’'’

97 2914 202 2966 mater
219 2903 261 2965 ad
279 2903 402 2966 auditas
422 2902 543 2986 stupuit
560 2925 618 2967 ceu
636 2926 733 2967 saxea
750 2925 854 2979 vocas,

97 2987 314 3071 attonitaeque
331 2989 387 3051 diu
405 2988 514 3051 similis
532 2987 602 3051 fuit.
645 2999 744 3071 utque
763 2989 870 3053 dolore

96 3075 192 3159 pulsa
208 3073 298 3157 gravi
315 3072 422 3157 gravis
440 3084 488 3137 est
505 3073 656 3148 amentia,
675 3073 817 3138 curribus
835 3096 929 3138 auras

96 3159 164 3224 exit
181 3159 214 3221 in
232 3158 396 3223 aetherias.
439 3158 485 3221 ibi
502 3169 568 3222 toto
585 3159 695 3222 nubila
712 3160 802 3223 vultu

96 3255 172 3308 ante
189 3244 300 3308 Iovem
318 3243 419 3328 passis
438 3243 523 3308 stetit
539 3243 695 3308 invidiosa
713 3244 834 3329 capillis

95 3329 289 3414 “‘pro'''que
307 3335 415 3393 “‘meo
433 3329 506 3393 veni
524 3330 657 3414 supplex
675 3329 747 3405 tibi,
765 3328 948 3415 Iuppiter,’''
965 3328 1077 3413 inquit,

97 3414 291 3500 “‘sanguine
307 3436 428 3499 proque
446 3425 511 3477 tuo.
556 3414 582 3478 si
599 3415 687 3478 nulla
704 3425 753 3478 est
769 3415 871 3499 gratia
887 3415 1007 3492 matris,

94 3511 173 3565 nata
189 3509 312 3584 patrem
329 3510 464 3564 moveat.
508 3522 570 3563 neu
589 3500 630 3563 sit
647 3500 704 3563 tibi
724 3522 813 3577 cura,
831 3523 1009 3586 precamur,

95 3586 190 3650 vilior
205 3585 305 3661 illius,
323 3585 409 3667 quod
426 3595 533 3648 nostro
551 3595 599 3649 est
616 3585 701 3650 edita
718 3596 821 3670 partu.

96 3695 138 3736 en
156 3671 300 3754 quaesita
318 3670 373 3734 diu
390 3671 520 3734 tandem
537 3669 615 3733 mihi
631 3681 707 3735 nata
724 3682 848 3755 reperta
866 3681 927 3736 est:

96 3758 124 3822 si
141 3757 279 3842 reperire
297 3777 392 3820 vocas
411 3756 553 3820 amittere
572 3756 700 3832 certius,
719 3766 775 3819 aut
792 3756 820 3820 si

95 3843 191 3918 scire,
210 3842 266 3904 ubi
284 3841 338 3917 sit,
356 3842 493 3926 reperire
511 3862 615 3904 vocas.
660 3841 746 3924 quod
763 3850 868 3925 rapta,
886 3841 1034 3920 feremus,

96 3928 271 3992 dummodo
288 3927 401 3992 reddat
419 3950 498 3992 eam.
542 3946 645 4008 neque
663 3927 747 3991 enim
766 3926 925 4010 praedone
943 3930 1055 3994 marito

95 4013 161 4081 filia
179 4013 277 4100 digna
295 4023 350 4077 tua
368 4023 416 4078 est
431 4049 475 4060 -
492 4011 519 4077 si
535 4011 599 4077 iam
617 4035 689 4078 mea
705 4011 770 4078 fllia
787 4033 852 4078 non
869 4011 957 4077 est.”'
