2574 4478
163 209 225 275 154
493 223 526 277 Ρ.
546 191 849 279 ovmuuasours

162 370 235 413 ecce
252 347 301 412 vir
317 347 524 412 Andraemon
541 347 727 433 genitorque
745 346 938 412 miserrimus
956 347 1073 412 adsunt

163 446 194 498 et
211 444 367 517 quaerunt
383 434 552 518 Dryopen:
572 432 726 517 Dryopen
744 433 967 517 quaerentibus
984 433 1046 498 illis

94 541 143 591 365
163 519 286 584 ostendi
302 520 399 583 loton.
444 519 550 603 tepido
568 520 644 582 dant
661 519 769 582 oscula
786 518 872 603 ligno

162 604 330 687 adfusique
348 627 424 669 suae
441 604 600 668 radicibus
618 604 738 668 arboris
756 604 896 668 haerent.

161 691 207 754 nil
224 690 285 754 nisi
301 690 364 754 iam
381 689 510 766 faciem,
528 690 615 773 quod
632 712 695 753 non
713 690 794 754 foret
812 691 915 766 arbor,
933 689 1071 756 habebat

163 798 237 840 cara
253 798 350 841 soror.
394 775 542 840 lacrimae
560 774 675 839 misero
693 775 732 840 de
751 797 881 860 corpore
899 775 991 839 factis

161 861 300 926 inrorant
318 861 416 938 foliis3
437 872 469 925 et
490 861 564 924 dum
583 860 665 936 licet,
684 882 801 944 oraque
819 871 980 946 praestant

95 969 145 1019 aro
163 947 249 1012 vocis
266 947 335 1023 iter,
353 947 432 1011 tales
450 945 585 1011 effundit
601 947 635 1010 in
652 952 726 1010 ae'ra
744 958 888 1030 questus:

163 1033 215 1097 “si
232 1053 296 1116 qua
312 1033 391 1096 fides
408 1032 544 1109 miseris,
562 1031 622 1096 hoc
640 1054 691 1096 me
709 1055 766 1117 per
783 1032 914 1096 numina
930 1032 1000 1098 iuro

161 1141 226 1183 non
242 1118 394 1183 meruisse
411 1117 515 1182 nefas:
533 1119 636 1202 patior
653 1117 720 1183 sine
738 1118 866 1183 crimine
883 1140 1029 1204 poenam.

162 1203 299 1270 viximus
316 1204 481 1268 innocuae.
526 1204 552 1267 si
569 1202 712 1280 mentior,
731 1205 819 1268 arida
835 1204 967 1289 perdam

162 1313 242 1375 quas
259 1290 361 1355 habeo
378 1290 522 1366 frondes,
541 1300 572 1354 et
589 1312 681 1354 caesa
699 1289 861 1354 securibus
879 1313 962 1355 urar.

95 1397 144 1446 333
161 1377 247 1440 hunc
264 1388 370 1441 tamen
386 1375 540 1440 infantem
558 1375 705 1440 maternis
724 1376 838 1440 demite
855 1375 950 1440 ramis

163 1473 195 1528 et
212 1463 285 1526 date
303 1460 427 1536 nutrici,
440 1456 622 1544 [nostraque
640 1461 700 1526 sub
718 1461 829 1526 arbore
848 1484 942 1547 saepe

162 1548 211 1613 lac
228 1546 356 1613 facitote
373 1544 486 1631 bibat]
494 1561 664 1630 nostraque
682 1547 742 1611 sub
760 1547 872 1612 arbore
889 1547 988 1613 ludat.

80 1631 81 1634 '
163 1654 299 1716 cumque
315 1633 402 1716 loqui
418 1632 546 1717 poterit,
563 1643 696 1708 matrem
712 1632 840 1698 facitote
858 1634 973 1698 salutet

162 1729 195 1783 et
212 1718 307 1783 tristis
326 1718 411 1782 dicat
430 1719 541 1782 “‘latet
558 1718 618 1782 hoc
635 1719 667 1782 in
686 1718 792 1803 stipite
809 1719 950 1784 mater.’”

96 1826 145 1876 330
163 1815 277 1889 stagna
293 1814 399 1869 tamen
416 1805 525 1869 timeat
541 1826 600 1869 nec
618 1815 727 1889 carpat
744 1805 785 1867 ab
803 1804 914 1869 arbore
931 1805 1024 1871 flores

162 1901 195 1955 et
212 1889 341 1954 frutices
359 1912 468 1955 omnes
487 1911 601 1974 corpus
619 1901 708 1974 putet
726 1912 795 1956 esse
812 1891 953 1954 dearum.

163 1998 235 2041 care
253 1976 324 2040 vale
342 1977 494 2052 coniunx,
513 1986 544 2039 et
561 1987 597 2038 tu
614 1997 779 2060 germana,
799 1975 966 2062 paterque!

162 2061 232 2144 qui,
251 2061 277 2124 si
295 2082 359 2143 qua
377 2073 422 2125 est
441 2062 556 2146 pietas,
574 2061 615 2124 ab
633 2076 744 2125 acutae
762 2062 891 2126 vulnere
908 2061 1009 2143 falcis,

163 2170 182 2210 a
200 2146 322 2232 pecoris
345 2169 451 2211 morsu
470 2146 599 2211 frondes
618 2146 778 2212 defendite
795 2159 928 2211 nostras.

96 2253 144 2303 333
163 2243 195 2297 et
212 2233 360 2316 quoniam
378 2232 456 2296 mihi
473 2232 523 2296 fas
540 2233 581 2295 ad
599 2254 656 2296 vos
673 2232 855 2298 incumbere
872 2256 937 2297 non
955 2243 1013 2312 est,

163 2317 273 2403 erigite
291 2318 353 2382 huc
371 2335 457 2383 artus
476 2329 507 2383 et
524 2317 565 2381 ad
583 2317 691 2382 oscula
707 2329 813 2382 nostra
831 2319 945 2396 venite,

164 2404 240 2467 dum
258 2404 346 2488 tangi
364 2415 506 2489 possunt,
522 2426 719 2488 parvumque
737 2405 867 2470 attollite
884 2416 1005 2469 natum.

162 2490 254 2575 plura
270 2490 357 2572 loqui
375 2511 512 2572 neque03
529 2512 604 2553 nam
621 2489 684 2553 iam
702 2512 760 2574 per
777 2490 911 2554 candida
928 2490 1031 2556 mollis

163 2575 244 2639 colla
260 2575 340 2639 liber
357 2576 467 2660 serpit,
486 2596 672 2658 summoque
691 2576 854 2640 cacumine
873 2576 1000 2641 condor.

96 2680 145 2730 330
164 2683 203 2724 ex
221 2659 319 2724 oculis
337 2672 494 2726 removete
512 2683 640 2724 manus:
659 2660 727 2725 sine
744 2684 875 2726 munere
892 2674 997 2726 vestro

163 2757 311 2830 contegat
327 2746 474 2810 inductus
492 2746 658 2810 morientia
675 2747 795 2811 lumina
812 2747 949 2812 cortex.”

163 2831 320 2895 desierant
338 2832 430 2895 simul
449 2854 505 2895 ora
521 2832 622 2914 loqui,
640 2832 733 2895 simul
751 2855 834 2897 esse:
853 2833 971 2915 diuque

163 2937 293 3000 corpore
310 2928 429 2981 mutato
447 2917 527 2980 rami
545 2918 670 2983 caluere
687 2919 848 2982 recentes!

204 3001 358 3085 Dumque
375 3003 471 3066 refert
488 3003 555 3066 Iole
574 3002 692 3067 factum
711 3004 864 3080 mirabile,
882 3004 1024 3088 dumque
1085 3023 1181 3075 Iolaus.

94 3107 144 3157 395
162 3086 336 3172 Eurytidos
352 3089 498 3153 lacrimas
516 3089 642 3153 admoto
659 3090 773 3174 pollice
791 3089 888 3154 siccat

161 3173 316 3238 Alcmene
334 3171 402 3255 (flet
421 3173 538 3259 etipsa
555 3177 686 3259 tamen),
705 3175 898 3260 compescuit
916 3198 1043 3240 omnem

161 3281 212 3323 res
229 3281 313 3324 nova
330 3259 497 3323 tristitiam.
540 3283 615 3324 nam
633 3260 740 3325 limine
758 3261 897 3325 constitit
914 3262 978 3325 alto

161 3367 262 3430 paene
280 3368 359 3429 puer
377 3345 537 3428 dubiaque
554 3356 666 3430 tegens
683 3347 833 3432 lanugine
851 3346 962 3425 malas,

162 3453 217 3494 ora
234 3431 422 3494 reformatus
440 3431 558 3516 primos
576 3432 683 3496 Iolaus
701 3435 733 3495 in
752 3454 861 3496 annos.

92 3536 143 3585 400
161 3516 222 3580 hoc
238 3516 281 3580 illi
301 3515 430 3581 dederat
446 3517 582 3582 Iunonia
599 3518 738 3582 muneris
756 3519 860 3595 Hebe,

162 3600 245 3666 victa
262 3601 321 3665 viri
340 3602 496 3686 precibus.
541 3625 623 3687 quae
641 3625 714 3667 cum
731 3602 835 3668 iurare
852 3615 987 3688 pararet,

161 3687 245 3751 dona
261 3687 449 3751 tributuram
466 3689 640 3774 posthunc
658 3712 692 3753 se
710 3690 784 3753 talia
801 3690 890 3766 nulli,

161 3794 225 3837 non
235 3784 282 3838 est
291 3795 386 3858 passa
395 3772 536 3839 Themis.
564 3782 653 3838 ‘nam
661 3774 724 3838 iam
734 3775 890 3839 discordia
899 3775 1030 3842 Thebae
1042 3775 1181 3858 Gausapa

161 3858 244 3923 bella
257 3858 398 3923 movent’
418 3859 507 3936 dixit,
526 3857 774 3944 ‘Capaneusque
789 3860 849 3923 nisi
862 3860 903 3924 ab
913 3861 990 3926 Iove
1005 3863 1089 3927 vinci
1103 3847 1160 3912 filu·

93 3965 143 4015 405
162 3943 248 4008 haud
265 3945 394 4028 poterit3
412 3945 551 4028 fientque
568 3968 659 4030 pares
677 3945 710 4008 in
728 3947 858 4009 vulnere
876 3945 989 4011 fratres
995 3971 1005 4024 3

160 4029 379 4117 subductaque
396 4051 470 4097 suos
488 4031 603 4101 Manes
621 4031 732 4097 tellure
750 4031 870 4099 videbit
