2574 4478
199 256 264 324 203
532 271 566 326 P.
584 270 710 327 OVIDII
726 270 890 327 xssou‘ts

198 395 224 459 ri
243 394 338 459 modo
354 406 487 460 naturae
503 394 639 459 formam
657 395 859 459 concedimus
875 394 931 458 illi

130 498 181 550 aar,
199 480 298 544 barba
314 498 383 546 erat
398 481 567 580 incipiens,
585 481 704 544 barbae
720 481 955 555 coloramus,
972 503 1072 544 aurea

197 589 238 630 ex
255 566 372 631 umeris
389 567 511 631 medrus
529 589 620 630 coma
637 565 836 651 dependebat
852 566 886 628 in
903 587 1019 628 armos.

197 664 307 736 gratus
324 651 358 715 in
375 673 429 717 ore
447 652 553 736 rigon
571 651 678 715 cervix
695 651 859 733 umerique
876 672 1056 733 manusque

197 750 387 823 pectoraque
405 737 561 801 artificum
578 736 714 801 laudatis
731 737 876 821 proxima
893 736 1004 820 siomis,

198 838 230 887 et
247 843 448 905 quacumque
464 823 514 885 vir
529 838 587 886 est.
631 844 691 886 nec
707 822 782 904 equi
798 821 952 885 mendosa
967 821 1030 885 snb
1047 821 1103 886 illo

128 927 181 977 too
198 908 397 991 deteriorque
414 907 483 972 viro
499 907 607 972 facies.
651 908 693 971 da
710 907 792 971 colla
808 920 982 992 caputque:

198 990 331 1058 Castore
348 994 464 1078 dignus
482 993 551 1058 erit
594 993 640 1057 sic
657 1004 783 1077 tergum
800 993 924 1068 sessile,
941 993 988 1056 sic
1004 1006 1078 1057 sunt

197 1094 326 1164 pectora
343 1080 428 1144 celsa
443 1079 530 1143 toris.
573 1090 659 1142 totus
676 1078 746 1163 pice
762 1078 883 1163 nigrior
899 1090 978 1155 atra,

197 1164 333 1228 candida
349 1164 452 1229 cauda
468 1176 585 1240 tamen,
603 1164 690 1227 color
706 1174 755 1228 est
771 1185 899 1246 quoque
916 1163 1063 1227 cruribus
1080 1163 1180 1229 albus.

197 1249 315 1314 multae
332 1249 420 1313 illum
438 1250 556 1334 petiere
573 1273 632 1314 sua
649 1249 689 1314 de
706 1261 816 1334 gente,
834 1249 890 1312 sed
907 1272 973 1312 nna

128 1354 179 1405 405
197 1334 327 1399 abstulit
344 1336 540 1419 Hylonome,
558 1355 622 1418 qua
638 1336 726 1398 nulla
743 1335 905 1398 decentior
921 1335 1004 1399 inter

197 1419 360 1485 semiferos
378 1421 449 1485 altis
466 1420 619 1484 habitavit
637 1419 756 1485 femina
772 1421 869 1483 silvis.

197 1505 276 1570 hacc
293 1518 324 1570 et
346 1506 506 1570 blanditiis
524 1517 555 1572 et
572 1505 708 1569 amando
726 1517 758 1570 et
775 1528 881 1569 amare
898 1504 1029 1570 fatendo

198 1588 350 1675 Cyllaron
367 1613 431 1655 una
447 1603 543 1656 tenet.
586 1592 690 1655 cultus
708 1611 849 1674 quoque,
867 1601 1005 1673 quantus
1022 1591 1057 1655 in
1074 1591 1136 1657 illis

197 1698 266 1741 esse
284 1686 387 1761 potest
403 1676 567 1741 membris:
584 1687 621 1740 ut
638 1677 677 1741 sit
695 1698 787 1741 coma
803 1677 928 1760 pectine
945 1676 1036 1753 levis,

128 1781 180 1832 410
198 1772 231 1825 ut
249 1761 344 1826 modo
361 1784 432 1826 rore
448 1762 559 1839 maris,
577 1764 672 1826 modo
689 1785 724 1827 se
741 1762 865 1826 violave
881 1783 994 1826 rosave

196 1846 349 1932 implicet,
365 1847 524 1912 interdum
541 1847 687 1913 canentia
702 1847 769 1912 lilia
785 1857 898 1932 gestet,

197 1932 309 2015 bisque
327 1933 377 1997 die
395 1933 492 2017 lapsis
509 1932 695 2033 Pagasaeae
713 1934 829 1998 vertice
847 1933 945 1997 silvae

196 2016 336 2082 fontibus
354 2040 410 2083 ora
425 2019 523 2096 lavet,
542 2019 591 2083 brs
608 2018 738 2083 flumine
756 2040 887 2103 corpora
903 2018 1040 2104 tinguat,

195 2126 255 2168 nec
272 2103 330 2167 nisi
349 2125 431 2186 quae
448 2104 582 2170 deceant
598 2104 831 2187 electarumque
849 2102 988 2167 ferarum

128 2207 178 2257 tlt
197 2200 250 2253 aut
269 2210 377 2253 umero
396 2198 451 2253 aut
467 2189 558 2254 lateri
575 2189 760 2274 praetendat
778 2189 896 2253 vellera
912 2190 1015 2254 laevo.

196 2297 254 2359 par
272 2296 360 2338 amor
377 2287 424 2339 est
441 2273 516 2338 illis:
536 2286 641 2340 errant
657 2275 690 2338 in
707 2274 868 2338 montibus
885 2297 964 2338 una:

197 2370 288 2424 antra
306 2359 399 2423 simul
416 2360 563 2426 subeunt.
607 2371 639 2425 et
656 2371 724 2424 tum
743 2359 913 2444 Lapitheia
930 2371 1016 2424 tecta

196 2445 348 2509 intrarant
365 2444 491 2530 pariter,
508 2446 625 2532 pariter
642 2445 711 2510 fera
728 2445 811 2510 bella
827 2445 991 2530 gerebant.

197 2542 306 2595 auctor
322 2530 355 2594 in
372 2531 491 2595 incerto
510 2542 570 2596 est:
589 2531 728 2595 iaculum
746 2530 786 2596 de
802 2543 892 2615 parte
911 2530 1037 2595 sinistra

127 2637 178 2688 420
197 2616 282 2680 vonit
300 2628 331 2681 et
347 2616 494 2694 inferius,
513 2638 608 2700 quam
626 2617 706 2681 collo
724 2626 852 2701 pectora
870 2615 1015 2692 subsunt,

197 2700 338 2785 Cyllare,
356 2712 387 2766 te
405 2701 482 2766 fixit.
527 2724 625 2788 parvo
643 2724 697 2765 cor
714 2702 844 2766 vulnere
862 2702 983 2766 laesum

196 2808 325 2872 corpore
344 2809 416 2851 curn
434 2797 499 2851 toto
516 2797 588 2872 post
605 2787 668 2851 tela
686 2788 801 2851 educta
817 2786 948 2851 refrixit.

196 2872 337 2972 protinus
355 2873 538 2957 Hylonome
555 2872 723 2937 morientes
742 2872 859 2957 excipit
876 2882 962 2936 artus

195 2957 406 3042 impositaque
423 2980 520 3022 manu
538 2958 653 3022 vulnus
670 2958 757 3022 fovet
775 2979 892 3040 oraque
910 2959 952 3021 ad
970 2979 1026 3022 ora

127 3063 177 3113 425
197 3043 343 3108 admovet
361 3054 456 3125 atque
474 3043 598 3108 animae
615 3043 750 3128 fugienti
768 3043 919 3107 obsistere
937 3053 1080 3128 temptat.

195 3141 231 3193 ut
248 3128 335 3193 videt
352 3128 540 3205 extinctum,
559 3128 664 3204 dictis,
683 3149 765 3211 quae
783 3127 959 3192 clamored
977 3151 1069 3194 aures

196 3214 294 3279 arcuit
313 3214 358 3278 ire
376 3235 477 3289 meas,
495 3215 572 3289 telo,
591 3213 677 3297 quod
694 3212 874 3278 inhaeserat
889 3213 945 3289 illi,

195 3298 338 3366 incubuit
354 3298 553 3382 moriensque
571 3322 664 3363 suum
682 3299 847 3383 complexa
865 3299 1013 3361 maritum
1031 3311 1088 3364 est

195 3397 267 3449 mite
286 3385 394 3449 oeulos
412 3395 473 3449 stat
491 3395 523 3449 et
539 3384 591 3449 ille
609 3407 711 3460 meos,
731 3384 785 3467 qui
804 3407 880 3449 sena
897 3384 1026 3449 leonum

127 3491 177 3540 ano
196 3471 339 3535 vinxerat
356 3469 437 3534 inter
455 3492 489 3535 se
507 3470 634 3534 conexis
652 3470 769 3534 vellera
786 3468 888 3547 nodis,

195 3556 421 3632 Plracocomes
439 3554 662 3638 hominemque
680 3555 773 3618 simul
791 3565 950 3639 protectus
968 3575 1159 3640 equumque:

195 3641 325 3705 caudice
343 3639 398 3723 qui
416 3639 526 3715 misso,
545 3661 641 3723 quern
658 3640 712 3703 vix
730 3641 806 3725 iuga
823 3640 899 3704 bina
916 3652 1091 3718 moverent,

194 3725 379 3811 Tectaphon
399 3723 558 3790 Oleniden
576 3747 735 3789 asumma
755 3726 871 3790 vertice
888 3725 994 3811 fregit.

196 3824 244 3876 nst
261 3832 331 3897 ego,
350 3810 426 3875 dum
444 3822 535 3895 parat
551 3809 602 3875 hie
621 3811 715 3874 armis
732 3810 852 3875 nudare
870 3809 1028 3876 iacentem

126 3916 176 3969 tto
194 3896 269 3977 (scit
286 3910 358 3961 tuus
377 3895 437 3961 hoo
453 3895 602 4045 plantor),
619 3896 761 3981 gladium
779 3896 941 3980 spoliantis
958 3897 992 3961 in
1008 3897 1074 3961 ima

194 3980 248 4047 ilia
265 3979 386 4047 demisi.
430 3978 459 4047 G
482 3980 608 4045 thonius
626 4001 753 4065 quoque
771 3981 993 4065 Teleboasque

43 4122 58 4163 ·.=
194 4088 270 4143 ense
286 4066 391 4137 iacent
407 4076 525 4135 nostro.
568 4088 692 4133 ramum
709 4065 796 4154 prior
811 4066 865 4132 ille
882 4066 1044 4135 bifurcum
