2574 4478
261 196 625 265 METAMORPHOSEON
641 209 713 264 LIB.
734 207 977 266 x111.735-822.
1066 193 1128 262 231

110 330 175 396 huc
192 330 279 395 ferus
297 331 438 396 ascendit
456 329 594 417 Cyclops
611 333 798 416 mediusque
815 332 943 410 resedit3

110 417 273 501 lanigerae
289 417 427 501 pecudes
445 418 531 481 nullo
549 419 682 484 ducente
701 428 837 484 secutae.
1149 439 1198 490 vso

111 503 163 568 cui
181 513 349 588 postquam
366 502 473 587 pinus,
492 503 596 568 baculi
613 525 695 586 quae
713 503 859 590 praebuit
877 526 980 580 usum,

111 588 299 671 antepedes
339 587 420 652 osita
437 599 484 652 est
502 589 656 654 antemnis
674 602 749 674 apta
766 589 914 666 ferendis,

111 688 300 758 sumptaque
316 610 546 738 larundinibus
564 687 728 759 compacta
745 685 793 739 est
809 675 915 740 fistula
932 685 1068 753 centum,

110 769 277 823 senserunt
293 756 350 821 toti
367 759 506 842 pastoria
523 759 615 823 sibila
632 772 764 836 montes,

110 855 275 908 senserunt
292 843 406 907 undae.
449 843 575 908 latitans
593 865 654 929 ego
671 867 750 929 rupe
767 845 893 929 meique

109 929 222 993 Acidis
240 929 272 991 in
290 928 411 1013 gremio
428 929 582 1005 residens,
600 932 710 1013 procul
727 931 856 996 auribus
873 930 965 996 hausi

109 1015 184 1080 talia
202 1013 286 1078 dicta
303 1013 381 1077 meis
399 1014 569 1097 auditaque
589 1014 688 1078 verba
709 1015 830 1081 notavi:

109 1099 297 1163 “candidior
313 1099 389 1164 folio
407 1098 505 1176 nivei,
524 1097 674 1177 Galatea,
691 1100 825 1186 ligustri,

108 1185 247 1249 floridior
264 1184 375 1269 pratis,
393 1184 489 1269 longa
505 1185 664 1269 procerior
681 1186 763 1262 aln0,

109 1269 302 1355 splendidior
319 1269 410 1346 vitro,
428 1281 535 1335 tenero
552 1269 698 1334 lascivior
714 1270 827 1350 haedo,

107 1354 208 1419 levior
224 1354 351 1418 assiduo
370 1355 488 1420 detritis
507 1377 643 1440 aequore
662 1356 799 1433 conchis,

107 1440 226 1505 solibus
244 1440 396 1516 hibernis,
415 1440 534 1506 aestiva
550 1440 669 1527 gratior
686 1442 809 1518 umbra,

106 1525 241 1589 nobilior
257 1525 378 1609 palma,
394 1526 521 1610 platano
539 1526 735 1611 conspectior
752 1527 826 1604 alta,

106 1610 240 1675 lucidior
256 1611 372 1695 glacie,
391 1621 514 1675 matura
532 1610 653 1675 dulcior
669 1634 742 1690 uva,

104 1696 229 1760 mollior
246 1707 278 1760 et
294 1695 385 1780 cycni
401 1695 517 1781 plumis
535 1706 565 1761 et
582 1697 663 1761 lacte
681 1707 800 1773 coacto,

105 1783 158 1859 tet
171 1780 199 1844 si
213 1802 278 1845 non
294 1779 414 1865 fugias,
431 1781 523 1866 riguo
541 1781 708 1847 formosior
723 1781 829 1848 horto:

105 1867 229 1932 saevior
245 1865 404 1930 indomitis
422 1867 533 1932 eadem
551 1865 688 1933 Galatea
704 1867 856 1947 iuvencis,

105 1952 214 2016 durior
230 1973 350 2016 annosa
367 1974 499 2035 quercu,
517 1952 659 2018 fallacior
674 1954 778 2028 undis,

104 2037 217 2102 lentior
235 2048 266 2102 et
284 2036 387 2102 salicis
404 2037 502 2123 virgis
519 2048 551 2102 et
567 2037 685 2102 vitibus
703 2039 793 2115 albis,

105 2122 153 2186 his
170 2122 359 2186 immobilior
377 2122 527 2207 scopulis,
543 2123 708 2189 violentior
724 2144 828 2201 amns,

105 2208 233 2273 laudato
250 2229 374 2293 pavone
393 2208 568 2293 superbior,
585 2208 687 2273 acrior
703 2209 781 2295 igni,

104 2293 244 2378 asperior
260 2292 397 2368 tribulis,
415 2293 481 2358 feta
498 2294 703 2359 truculentior
719 2317 803 2372 ursa,

104 2378 228 2444 surdior
244 2379 449 2462 aequoribus,
467 2380 587 2444 calcato
603 2379 753 2445 immitior
769 2379 881 2463 hydro,

104 2476 149 2540 et,
167 2464 254 2547 quod
270 2463 439 2549 praecipue
457 2464 570 2530 vellem
587 2464 645 2529 tibi
662 2464 788 2530 demere
805 2487 941 2550 possem,

102 2572 166 2614 non
184 2560 308 2614 tantum
325 2571 418 2615 cervo
436 2550 528 2616 claris
545 2551 709 2615 latratibus
727 2561 808 2627 acto,

103 2658 213 2700 verum
231 2634 326 2700 etiam
343 2634 445 2699 ventis
462 2635 644 2719 volucrique
662 2636 806 2722 fugacior
823 2635 913 2700 aurai

103 2732 136 2785 at
153 2720 234 2785 bene
251 2720 278 2784 si
295 2721 395 2797 noris,
411 2720 519 2807 pigeat
536 2721 671 2807 fugisse,
688 2743 857 2806 morasque

101 2806 171 2890 ipsa
188 2817 259 2870 tuas
277 2806 421 2883 damnes,
440 2817 471 2871 et
487 2830 539 2872 me
556 2806 690 2872 retinere
706 2806 841 2872 labores.

103 2903 175 2956 sunt
193 2891 284 2967 mihi,
302 2914 375 2976 pars
392 2892 521 2968 montis,
539 2892 611 2956 vivo
629 2892 799 2978 pendentia
816 2913 892 2957 saxo

102 2989 205 3053 antra,
224 2977 339 3059 quibus
356 2998 416 3042 nec
433 2978 480 3042 sol
496 2978 601 3043 medio
619 2978 752 3042 sentitur
768 2978 801 3042 in
818 2989 906 3043 aestu

101 3084 159 3128 nec
177 3061 310 3126 sentitur
325 3061 435 3127 hiems.
480 3075 553 3127 sunt
569 3086 663 3149 poma
679 3064 845 3148 gravantia
861 3086 965 3129 ramos
969 3088 980 3142 ;

101 3159 175 3213 sunt
193 3169 270 3212 auro
288 3147 406 3225 similes
423 3148 526 3232 longis
544 3148 577 3212 in
596 3148 712 3214 vitibus
729 3172 821 3226 uvae,

101 3243 174 3297 sunt
192 3242 223 3296 et
240 3255 430 3318 purpureae:
448 3233 506 3298 tibi
524 3245 555 3299 et
572 3234 629 3298 has
648 3257 810 3299 servamus
829 3234 956 3300 stillas.

99 3318 169 3402 ipsa
186 3317 248 3381 tuis
266 3318 411 3384 manibus
430 3318 565 3384 silvestri
580 3329 656 3384 nata
673 3319 733 3384 sub
750 3320 864 3385 umbra

99 3401 206 3467 mollia
224 3403 315 3488 fraga
331 3404 433 3490 leges,
450 3404 520 3488 ipsa
537 3405 732 3470 autumnalia
748 3427 844 3471 corna

98 3510 278 3573 prunaque,
296 3511 360 3554 non
378 3490 480 3554 solum
497 3489 589 3576 nigro
606 3491 734 3555 liventia
751 3513 838 3568 suco,

98 3596 209 3638 verum
227 3573 322 3638 etiam
339 3597 493 3659 generosa
510 3596 672 3659 novasque
688 3575 843 3642 imitantia
860 3599 958 3643 ceras.

98 3680 156 3723 nec
175 3659 233 3722 tibi
251 3671 417 3726 castaneae
433 3683 485 3725 me
504 3660 638 3746 coniuge
655 3684 715 3727 nec
731 3662 789 3726 tibi
807 3664 939 3729 deerunt

97 3744 221 3809 arbutei
238 3744 335 3808 fetus:
354 3745 455 3810 omnis
472 3745 531 3810 tibi
548 3746 663 3811 serviet
680 3747 783 3812 arbos.

95 3828 157 3894 hoc
170 3851 267 3914 pecus
282 3851 373 3896 omne
387 3854 493 3896 meum
507 3841 568 3896 est:
586 3832 703 3898 multae
712 3854 839 3917 quoque
852 3834 987 3900 vallibus
1001 3849 1114 3916 errant,
1131 3858 1183 3914 sao

94 3914 211 3979 multas
230 3915 310 3980 silva
327 3916 418 4002 tegit,
437 3917 555 3982 multae
572 3918 770 3983 stabulantur
786 3919 819 3984 in
837 3920 944 3985 antris.

93 4021 170 4080 nec,
188 4000 215 4066 si
233 3999 314 4068 forte
332 4023 438 4089 roges,
455 4002 574 4090 possim
592 4001 650 4070 tibi
667 4004 784 4082 dicere,
803 4016 881 4093 quot
898 4006 973 4080 sinte
