<?xml version="1.0" encoding="UTF-8"?>
<!DOCTYPE html PUBLIC "-//W3C//DTD XHTML 1.0 Transitional//EN"
    "http://www.w3.org/TR/xhtml1/DTD/xhtml1-transitional.dtd">
<html xmlns="http://www.w3.org/1999/xhtml" xml:lang="en" lang="en">
 <head>
  <title>
</title>
<meta http-equiv="Content-Type" content="text/html;charset=utf-8" />
  <meta name='ocr-system' content='tesseract 3.04.00' />
  <meta name='ocr-capabilities' content='ocr_page ocr_carea ocr_par ocr_line ocrx_word'/>
</head>
<body>
  <div class='ocr_page' id='page_1' title='image "./carmina03ovidgoog_0316.png"; bbox 0 0 2574 4478; ppageno 0'>
   <div class='ocr_carea' id='block_1_1' title="bbox 225 319 1083 395">
    <p class='ocr_par' dir='ltr' id='par_1_1' title="bbox 225 319 1083 395">
     <span class='ocr_line' id='line_1_1' title="bbox 225 319 1083 395; baseline -0.008 -1"><span class='ocrx_word' id='word_1_1' title='bbox 225 335 589 395; x_wconf 83' lang='lat' dir='ltr'><strong>METAMORPHOSEON</strong></span> <span class='ocrx_word' id='word_1_2' title='bbox 608 335 681 392; x_wconf 87' lang='lat' dir='ltr'>LIB.</span> <span class='ocrx_word' id='word_1_3' title='bbox 698 336 762 394; x_wconf 90' lang='lat' dir='ltr'>XV.</span> <span class='ocrx_word' id='word_1_4' title='bbox 780 336 924 394; x_wconf 70' lang='lat' dir='ltr'>ros-loa</span> <span class='ocrx_word' id='word_1_5' title='bbox 1021 319 1083 388; x_wconf 83' lang='grc'>265</span> 
     </span>
    </p>
   </div>
   <div class='ocr_carea' id='block_1_2' title="bbox 57 460 1232 4209">
    <p class='ocr_par' dir='ltr' id='par_1_2' title="bbox 63 460 836 546">
     <span class='ocr_line' id='line_1_2' title="bbox 63 460 836 546; baseline -0.005 -18"><span class='ocrx_word' id='word_1_6' title='bbox 63 462 221 528; x_wconf 81' lang='lat' dir='ltr'>aetheriae</span> <span class='ocrx_word' id='word_1_7' title='bbox 238 465 344 539; x_wconf 87' lang='lat' dir='ltr'>sedes,</span> <span class='ocrx_word' id='word_1_8' title='bbox 363 463 548 546; x_wconf 91' lang='lat' dir='ltr'>caelumque</span> <span class='ocrx_word' id='word_1_9' title='bbox 566 461 624 526; x_wconf 89' lang='lat' dir='ltr'>erit</span> <span class='ocrx_word' id='word_1_10' title='bbox 642 461 744 527; x_wconf 92' lang='lat' dir='ltr'>exitus</span> <span class='ocrx_word' id='word_1_11' title='bbox 761 460 836 525; x_wconf 91' lang='lat' dir='ltr'>illi.’&#39;</span> 
     </span>
    </p>

    <p class='ocr_par' dir='ltr' id='par_1_3' title="bbox 62 548 1151 718">
     <span class='ocr_line' id='line_1_3' title="bbox 63 548 1151 633; baseline 0.004 -21"><span class='ocrx_word' id='word_1_12' title='bbox 63 549 143 614; x_wconf 88' lang='lat' dir='ltr'>haec</span> <span class='ocrx_word' id='word_1_13' title='bbox 160 550 320 613; x_wconf 90' lang='lat' dir='ltr'>Helenum</span> <span class='ocrx_word' id='word_1_14' title='bbox 338 548 488 613; x_wconf 82' lang='lat' dir='ltr'>cecinisse</span> <span class='ocrx_word' id='word_1_15' title='bbox 504 548 688 633; x_wconf 80' lang='lat' dir='ltr'>penatigero</span> <span class='ocrx_word' id='word_1_16' title='bbox 706 550 837 612; x_wconf 84' lang='lat' dir='ltr'>Aeneae</span> <span class='ocrx_word' id='word_1_17' title='bbox 1100 565 1151 617; x_wconf 82' lang='grc'>450</span> 
     </span>
     <span class='ocr_line' id='line_1_4' title="bbox 62 633 910 718; baseline -0.002 -21"><span class='ocrx_word' id='word_1_18' title='bbox 62 645 168 699; x_wconf 91' lang='lat' dir='ltr'>mente</span> <span class='ocrx_word' id='word_1_19' title='bbox 186 655 306 700; x_wconf 90' lang='lat' dir='ltr'>memor</span> <span class='ocrx_word' id='word_1_20' title='bbox 322 634 435 708; x_wconf 89' lang='lat' dir='ltr'>refero,</span> <span class='ocrx_word' id='word_1_21' title='bbox 454 644 652 718; x_wconf 86' lang='lat' dir='ltr'>cognataque</span> <span class='ocrx_word' id='word_1_22' title='bbox 668 633 794 697; x_wconf 87' lang='lat' dir='ltr'>moenia</span> <span class='ocrx_word' id='word_1_23' title='bbox 810 633 910 696; x_wconf 90' lang='lat' dir='ltr'>laetor</span> 
     </span>
    </p>

    <p class='ocr_par' dir='ltr' id='par_1_4' title="bbox 63 718 900 802">
     <span class='ocr_line' id='line_1_5' title="bbox 63 718 900 802; baseline -0.004 -18"><span class='ocrx_word' id='word_1_24' title='bbox 63 741 204 784; x_wconf 88' lang='lat' dir='ltr'>crescere</span> <span class='ocrx_word' id='word_1_25' title='bbox 222 731 254 784; x_wconf 89' lang='lat' dir='ltr'>et</span> <span class='ocrx_word' id='word_1_26' title='bbox 270 719 388 784; x_wconf 81' lang='lat' dir='ltr'>utiliter</span> <span class='ocrx_word' id='word_1_27' title='bbox 404 718 589 802; x_wconf 84' lang='lat' dir='ltr'>Phrygibus</span> <span class='ocrx_word' id='word_1_28' title='bbox 606 718 719 782; x_wconf 88' lang='lat' dir='ltr'>vicisse</span> <span class='ocrx_word' id='word_1_29' title='bbox 736 718 900 802; x_wconf 88' lang='lat' dir='ltr'>Pelasgos.</span> 
     </span>
    </p>

    <p class='ocr_par' dir='ltr' id='par_1_5' title="bbox 62 804 819 887">
     <span class='ocr_line' id='line_1_6' title="bbox 62 804 819 887; baseline 0 -20"><span class='ocrx_word' id='word_1_30' title='bbox 62 826 103 868; x_wconf 91' lang='lat' dir='ltr'>ne</span> <span class='ocrx_word' id='word_1_31' title='bbox 133 813 240 867; x_wconf 89' lang='lat' dir='ltr'>tamen</span> <span class='ocrx_word' id='word_1_32' title='bbox 262 804 367 868; x_wconf 87' lang='lat' dir='ltr'>oblitis</span> <span class='ocrx_word' id='word_1_33' title='bbox 386 805 426 868; x_wconf 91' lang='lat' dir='ltr'>ad</span> <span class='ocrx_word' id='word_1_34' title='bbox 444 818 561 868; x_wconf 88' lang='lat' dir='ltr'>metam</span> <span class='ocrx_word' id='word_1_35' title='bbox 578 804 707 868; x_wconf 89' lang='lat' dir='ltr'>tendere</span> <span class='ocrx_word' id='word_1_36' title='bbox 724 804 819 887; x_wconf 87' lang='lat' dir='ltr'>longe</span> 
     </span>
    </p>

    <p class='ocr_par' dir='ltr' id='par_1_6' title="bbox 61 887 1149 1315">
     <span class='ocr_line' id='line_1_7' title="bbox 62 887 1053 990; baseline 0 -38"><span class='ocrx_word' id='word_1_37' title='bbox 62 890 261 990; x_wconf 90' lang='lat' dir='ltr'>expatiemur</span> <span class='ocrx_word' id='word_1_38' title='bbox 276 889 380 973; x_wconf 88' lang='lat' dir='ltr'>equis:</span> <span class='ocrx_word' id='word_1_39' title='bbox 420 890 591 953; x_wconf 89' lang='lat' dir='ltr'>caelumt</span> <span class='ocrx_word' id='word_1_40' title='bbox 560 899 591 953; x_wconf 89' lang='lat' dir='ltr'>et</span> <span class='ocrx_word' id='word_1_41' title='bbox 608 889 830 988; x_wconf 91' lang='lat' dir='ltr'>quodcumque</span> <span class='ocrx_word' id='word_1_42' title='bbox 848 888 907 951; x_wconf 89' lang='lat' dir='ltr'>sub</span> <span class='ocrx_word' id='word_1_43' title='bbox 924 887 1043 951; x_wconf 89' lang='lat' dir='ltr'>illot</span> <span class='ocrx_word' id='word_1_44' title='bbox 996 897 1053 964; x_wconf 89' lang='lat' dir='ltr'>est,</span> 
     </span>
     <span class='ocr_line' id='line_1_8' title="bbox 61 973 1149 1057; baseline 0.003 -19"><span class='ocrx_word' id='word_1_45' title='bbox 61 974 210 1038; x_wconf 88' lang='lat' dir='ltr'>immutat</span> <span class='ocrx_word' id='word_1_46' title='bbox 225 975 358 1051; x_wconf 89' lang='lat' dir='ltr'>formas,</span> <span class='ocrx_word' id='word_1_47' title='bbox 375 974 581 1056; x_wconf 89' lang='lat' dir='ltr'>tellusqueet</span> <span class='ocrx_word' id='word_1_48' title='bbox 599 973 777 1057; x_wconf 90' lang='lat' dir='ltr'>quioquid</span> <span class='ocrx_word' id='word_1_49' title='bbox 768 998 801 1037; x_wconf 89' lang='grc' dir='ltr'>ιιι</span> <span class='ocrx_word' id='word_1_50' title='bbox 818 973 873 1036; x_wconf 89' lang='lat' dir='ltr'>illa</span> <span class='ocrx_word' id='word_1_51' title='bbox 890 986 946 1037; x_wconf 90' lang='lat' dir='ltr'>est.</span> <span class='ocrx_word' id='word_1_52' title='bbox 1100 993 1149 1041; x_wconf 84' lang='lat'>455</span> 
     </span>
     <span class='ocr_line' id='line_1_9' title="bbox 63 1059 1039 1159; baseline -0.002 -36"><span class='ocrx_word' id='word_1_53' title='bbox 63 1082 120 1123; x_wconf 92' lang='lat' dir='ltr'>nos</span> <span class='ocrx_word' id='word_1_54' title='bbox 139 1080 279 1159; x_wconf 84' lang='lat' dir='ltr'>quoque,</span> <span class='ocrx_word' id='word_1_55' title='bbox 297 1082 370 1144; x_wconf 90' lang='lat' dir='ltr'>pars</span> <span class='ocrx_word' id='word_1_56' title='bbox 388 1059 512 1134; x_wconf 90' lang='lat' dir='ltr'>mundi,</span> <span class='ocrx_word' id='word_1_57' title='bbox 532 1059 680 1141; x_wconf 90' lang='lat' dir='ltr'>quoniam</span> <span class='ocrx_word' id='word_1_58' title='bbox 698 1079 761 1121; x_wconf 94' lang='lat' dir='ltr'>non</span> <span class='ocrx_word' id='word_1_59' title='bbox 751 1079 910 1157; x_wconf 36' lang='lat' dir='ltr'>&#39;corpora</span> <span class='ocrx_word' id='word_1_60' title='bbox 928 1059 1039 1134; x_wconf 91' lang='lat' dir='ltr'>solum,</span> 
     </span>
     <span class='ocr_line' id='line_1_10' title="bbox 63 1143 979 1227; baseline -0.001 -19"><span class='ocrx_word' id='word_1_61' title='bbox 63 1166 173 1209; x_wconf 89' lang='lat' dir='ltr'>verum</span> <span class='ocrx_word' id='word_1_62' title='bbox 192 1145 288 1209; x_wconf 87' lang='lat' dir='ltr'>etiam</span> <span class='ocrx_word' id='word_1_63' title='bbox 305 1146 449 1209; x_wconf 89' lang='lat' dir='ltr'>volucres</span> <span class='ocrx_word' id='word_1_64' title='bbox 467 1144 590 1209; x_wconf 89' lang='lat' dir='ltr'>animae</span> <span class='ocrx_word' id='word_1_65' title='bbox 608 1166 732 1220; x_wconf 91' lang='lat' dir='ltr'>sumus,</span> <span class='ocrx_word' id='word_1_66' title='bbox 749 1143 845 1227; x_wconf 91' lang='lat' dir='ltr'>inque</span> <span class='ocrx_word' id='word_1_67' title='bbox 863 1143 979 1208; x_wconf 87' lang='lat' dir='ltr'>ferinas</span> 
     </span>
     <span class='ocr_line' id='line_1_11' title="bbox 62 1229 980 1329; baseline -0.001 -36"><span class='ocrx_word' id='word_1_68' title='bbox 62 1251 230 1314; x_wconf 88' lang='lat' dir='ltr'>possumus</span> <span class='ocrx_word' id='word_1_69' title='bbox 248 1231 294 1294; x_wconf 91' lang='lat' dir='ltr'>ire</span> <span class='ocrx_word' id='word_1_70' title='bbox 312 1231 422 1294; x_wconf 91' lang='lat' dir='ltr'>domos</span> <span class='ocrx_word' id='word_1_71' title='bbox 440 1229 687 1329; x_wconf 83' lang='lat' dir='ltr'>pecudumque</span> <span class='ocrx_word' id='word_1_72' title='bbox 678 1252 712 1292; x_wconf 91' lang='lat' dir='ltr'>m</span> <span class='ocrx_word' id='word_1_73' title='bbox 729 1250 860 1314; x_wconf 88' lang='lat' dir='ltr'>corpora</span> <span class='ocrx_word' id='word_1_74' title='bbox 878 1229 980 1293; x_wconf 92' lang='lat' dir='ltr'>condi.</span> 
     </span>
    </p>

    <p class='ocr_par' dir='ltr' id='par_1_7' title="bbox 63 1313 947 1415">
     <span class='ocr_line' id='line_1_12' title="bbox 63 1313 947 1415; baseline 0 -37"><span class='ocrx_word' id='word_1_75' title='bbox 63 1336 211 1399; x_wconf 88' lang='lat' dir='ltr'>corpora,</span> <span class='ocrx_word' id='word_1_76' title='bbox 229 1335 311 1397; x_wconf 91' lang='lat' dir='ltr'>quae</span> <span class='ocrx_word' id='word_1_77' title='bbox 329 1325 462 1415; x_wconf 89' lang='lat' dir='ltr'>possunt</span> <span class='ocrx_word' id='word_1_78' title='bbox 478 1313 598 1378; x_wconf 88' lang='lat' dir='ltr'>animas</span> <span class='ocrx_word' id='word_1_79' title='bbox 616 1313 765 1378; x_wconf 84' lang='lat' dir='ltr'>habuisse</span> <span class='ocrx_word' id='word_1_80' title='bbox 781 1326 947 1399; x_wconf 89' lang='lat' dir='ltr'>parentum</span> 
     </span>
    </p>

    <p class='ocr_par' dir='ltr' id='par_1_8' title="bbox 63 1399 1151 1550">
     <span class='ocr_line' id='line_1_13' title="bbox 63 1399 1151 1482; baseline 0.006 -19"><span class='ocrx_word' id='word_1_81' title='bbox 63 1410 118 1463; x_wconf 91' lang='lat' dir='ltr'>aut</span> <span class='ocrx_word' id='word_1_82' title='bbox 136 1399 197 1463; x_wconf 87' lang='lat' dir='ltr'>frat</span> <span class='ocrx_word' id='word_1_83' title='bbox 185 1410 268 1463; x_wconf 87' lang='lat' dir='ltr'>trum</span> <span class='ocrx_word' id='word_1_84' title='bbox 286 1412 341 1464; x_wconf 91' lang='lat' dir='ltr'>aut</span> <span class='ocrx_word' id='word_1_85' title='bbox 358 1399 490 1482; x_wconf 86' lang='lat' dir='ltr'>aliquo</span> <span class='ocrx_word' id='word_1_86' title='bbox 480 1410 659 1463; x_wconf 91' lang='lat' dir='ltr'>1unctorum</span> <span class='ocrx_word' id='word_1_87' title='bbox 677 1399 804 1464; x_wconf 89' lang='lat' dir='ltr'>foedere</span> <span class='ocrx_word' id='word_1_88' title='bbox 821 1400 913 1463; x_wconf 90' lang='lat' dir='ltr'>nobis</span> <span class='ocrx_word' id='word_1_89' title='bbox 1100 1421 1151 1469; x_wconf 87' lang='grc'>400</span> 
     </span>
     <span class='ocr_line' id='line_1_14' title="bbox 63 1484 943 1561; baseline 0 -13"><span class='ocrx_word' id='word_1_90' title='bbox 63 1495 120 1548; x_wconf 90' lang='lat' dir='ltr'>aut</span> <span class='ocrx_word' id='word_1_91' title='bbox 136 1484 301 1549; x_wconf 91' lang='lat' dir='ltr'>hominum</span> <span class='ocrx_word' id='word_1_92' title='bbox 318 1497 417 1561; x_wconf 88' lang='lat' dir='ltr'>certe,</span> <span class='ocrx_word' id='word_1_93' title='bbox 435 1495 483 1548; x_wconf 91' lang='lat' dir='ltr'>tut</span> <span class='ocrx_word' id='word_1_94' title='bbox 484 1508 503 1548; x_wconf 89' lang='lat' dir='ltr'>a</span> <span class='ocrx_word' id='word_1_95' title='bbox 520 1507 589 1550; x_wconf 90' lang='lat' dir='ltr'>esse</span> <span class='ocrx_word' id='word_1_96' title='bbox 607 1496 639 1549; x_wconf 92' lang='lat' dir='ltr'>et</span> <span class='ocrx_word' id='word_1_97' title='bbox 655 1484 828 1549; x_wconf 91' lang='lat' dir='ltr'>honesta</span> <span class='ocrx_word' id='word_1_98' title='bbox 803 1507 943 1548; x_wconf 88' lang='lat' dir='ltr'>srnamus</span> 
     </span>
    </p>

    <p class='ocr_par' dir='ltr' id='par_1_9' title="bbox 62 1533 824 1654">
     <span class='ocr_line' id='line_1_15' title="bbox 62 1533 824 1654; baseline -0.001 -20"><span class='ocrx_word' id='word_1_99' title='bbox 62 1592 143 1634; x_wconf 89' lang='lat' dir='ltr'>neve</span> <span class='ocrx_word' id='word_1_100' title='bbox 161 1569 311 1654; x_wconf 86' lang='lat' dir='ltr'>Thyest</span> <span class='ocrx_word' id='word_1_101' title='bbox 284 1593 329 1635; x_wconf 87' lang='lat' dir='ltr'>ers</span> <span class='ocrx_word' id='word_1_102' title='bbox 346 1533 589 1635; x_wconf 87' lang='lat' dir='ltr'>cuniulemus</span> <span class='ocrx_word' id='word_1_103' title='bbox 560 1592 680 1634; x_wconf 85' lang='lat' dir='ltr'>vrscera</span> <span class='ocrx_word' id='word_1_104' title='bbox 697 1571 824 1634; x_wconf 90' lang='lat' dir='ltr'>mensis.</span> 
     </span>
    </p>

    <p class='ocr_par' dir='ltr' id='par_1_10' title="bbox 63 1655 929 1755">
     <span class='ocr_line' id='line_1_16' title="bbox 63 1655 929 1755; baseline 0.001 -36"><span class='ocrx_word' id='word_1_105' title='bbox 63 1677 159 1755; x_wconf 82' lang='lat' dir='ltr'>quam</span> <span class='ocrx_word' id='word_1_106' title='bbox 178 1657 260 1720; x_wconf 86' lang='lat' dir='ltr'>male</span> <span class='ocrx_word' id='word_1_107' title='bbox 278 1655 467 1731; x_wconf 87' lang='lat' dir='ltr'>consuescit,</span> <span class='ocrx_word' id='word_1_108' title='bbox 485 1677 581 1754; x_wconf 83' lang='lat' dir='ltr'>quam</span> <span class='ocrx_word' id='word_1_109' title='bbox 599 1679 632 1720; x_wconf 90' lang='lat' dir='ltr'>se</span> <span class='ocrx_word' id='word_1_110' title='bbox 649 1665 741 1738; x_wconf 89' lang='lat' dir='ltr'>parat</span> <span class='ocrx_word' id='word_1_111' title='bbox 757 1655 809 1720; x_wconf 90' lang='lat' dir='ltr'>ille</span> <span class='ocrx_word' id='word_1_112' title='bbox 828 1655 929 1720; x_wconf 91' lang='lat' dir='ltr'>cruori</span> 
     </span>
    </p>

    <p class='ocr_par' dir='ltr' id='par_1_11' title="bbox 62 1739 791 1888">
     <span class='ocr_line' id='line_1_17' title="bbox 62 1739 791 1888; baseline 0.001 -85"><span class='ocrx_word' id='word_1_113' title='bbox 62 1739 181 1888; x_wconf 82' lang='lat' dir='ltr'>impiust</span> <span class='ocrx_word' id='word_1_114' title='bbox 196 1741 345 1817; x_wconf 90' lang='lat' dir='ltr'>humano,</span> <span class='ocrx_word' id='word_1_115' title='bbox 363 1740 453 1805; x_wconf 92' lang='lat' dir='ltr'>vituli</span> <span class='ocrx_word' id='word_1_116' title='bbox 470 1740 525 1823; x_wconf 90' lang='lat' dir='ltr'>qui</span> <span class='ocrx_word' id='word_1_117' title='bbox 542 1751 674 1825; x_wconf 90' lang='lat' dir='ltr'>guttura</span> <span class='ocrx_word' id='word_1_118' title='bbox 691 1741 791 1804; x_wconf 91' lang='lat' dir='ltr'>cultro</span> 
     </span>
    </p>

    <p class='ocr_par' dir='ltr' id='par_1_12' title="bbox 61 1825 1151 1995">
     <span class='ocr_line' id='line_1_18' title="bbox 61 1825 1151 1927; baseline 0.006 -38"><span class='ocrx_word' id='word_1_119' title='bbox 61 1826 189 1927; x_wconf 90' lang='lat' dir='ltr'>rumpit</span> <span class='ocrx_word' id='word_1_120' title='bbox 199 1838 230 1890; x_wconf 90' lang='lat' dir='ltr'>et</span> <span class='ocrx_word' id='word_1_121' title='bbox 247 1826 392 1890; x_wconf 89' lang='lat' dir='ltr'>immotas</span> <span class='ocrx_word' id='word_1_122' title='bbox 410 1826 541 1909; x_wconf 89' lang='lat' dir='ltr'>praebet</span> <span class='ocrx_word' id='word_1_123' title='bbox 557 1837 659 1911; x_wconf 78' lang='lat' dir='ltr'>mugit</span> <span class='ocrx_word' id='word_1_124' title='bbox 636 1825 731 1889; x_wconf 89' lang='lat' dir='ltr'>&#39;tibus</span> <span class='ocrx_word' id='word_1_125' title='bbox 749 1849 855 1890; x_wconf 89' lang='lat' dir='ltr'>aures.</span> <span class='ocrx_word' id='word_1_126' title='bbox 1100 1847 1151 1895; x_wconf 86' lang='grc'>405</span> 
     </span>
     <span class='ocr_line' id='line_1_19' title="bbox 62 1911 813 1995; baseline 0 -21"><span class='ocrx_word' id='word_1_127' title='bbox 62 1921 118 1975; x_wconf 88' lang='lat' dir='ltr'>aut</span> <span class='ocrx_word' id='word_1_128' title='bbox 136 1911 190 1992; x_wconf 92' lang='lat' dir='ltr'>qui</span> <span class='ocrx_word' id='word_1_129' title='bbox 208 1911 334 1995; x_wconf 85' lang='lat' dir='ltr'>vagitus</span> <span class='ocrx_word' id='word_1_130' title='bbox 352 1911 468 1975; x_wconf 88' lang='lat' dir='ltr'>similes</span> <span class='ocrx_word' id='word_1_131' title='bbox 486 1911 658 1995; x_wconf 91' lang='lat' dir='ltr'>puerilibus</span> <span class='ocrx_word' id='word_1_132' title='bbox 676 1911 813 1975; x_wconf 92' lang='lat' dir='ltr'>haedum</span> 
     </span>
    </p>

    <p class='ocr_par' dir='ltr' id='par_1_13' title="bbox 62 1996 781 2080">
     <span class='ocr_line' id='line_1_20' title="bbox 62 1996 781 2080; baseline -0.001 -21"><span class='ocrx_word' id='word_1_133' title='bbox 62 1996 208 2060; x_wconf 91' lang='lat' dir='ltr'>edentem</span> <span class='ocrx_word' id='word_1_134' title='bbox 225 1996 370 2080; x_wconf 87' lang='lat' dir='ltr'>iugulare</span> <span class='ocrx_word' id='word_1_135' title='bbox 387 2018 428 2080; x_wconf 93' lang='lat' dir='ltr'>po</span> <span class='ocrx_word' id='word_1_136' title='bbox 429 2007 505 2060; x_wconf 84' lang='lat' dir='ltr'>test:</span> <span class='ocrx_word' id='word_1_137' title='bbox 524 2007 579 2059; x_wconf 90' lang='lat' dir='ltr'>aut</span> <span class='ocrx_word' id='word_1_138' title='bbox 596 1996 669 2059; x_wconf 89' lang='lat' dir='ltr'>alite</span> <span class='ocrx_word' id='word_1_139' title='bbox 686 1997 781 2071; x_wconf 87' lang='lat' dir='ltr'>vesci,</span> 
     </span>
    </p>

    <p class='ocr_par' dir='ltr' id='par_1_14' title="bbox 62 2080 1023 2165">
     <span class='ocr_line' id='line_1_21' title="bbox 62 2080 1023 2165; baseline 0.001 -21"><span class='ocrx_word' id='word_1_140' title='bbox 62 2080 114 2144; x_wconf 93' lang='lat' dir='ltr'>oui</span> <span class='ocrx_word' id='word_1_141' title='bbox 132 2081 219 2144; x_wconf 89' lang='lat' dir='ltr'>dedit</span> <span class='ocrx_word' id='word_1_142' title='bbox 206 2080 304 2165; x_wconf 90' lang='lat' dir='ltr'>tipse</span> <span class='ocrx_word' id='word_1_143' title='bbox 322 2081 423 2145; x_wconf 82' lang='lat' dir='ltr'>cibos!</span> <span class='ocrx_word' id='word_1_144' title='bbox 451 2092 605 2164; x_wconf 90' lang='lat' dir='ltr'>quantum</span> <span class='ocrx_word' id='word_1_145' title='bbox 623 2092 685 2157; x_wconf 91' lang='lat' dir='ltr'>est,</span> <span class='ocrx_word' id='word_1_146' title='bbox 703 2081 789 2162; x_wconf 93' lang='lat' dir='ltr'>quod</span> <span class='ocrx_word' id='word_1_147' title='bbox 807 2081 888 2145; x_wconf 89' lang='lat' dir='ltr'>desit</span> <span class='ocrx_word' id='word_1_148' title='bbox 904 2080 939 2145; x_wconf 90' lang='lat' dir='ltr'>in</span> <span class='ocrx_word' id='word_1_149' title='bbox 954 2080 1023 2145; x_wconf 91' lang='lat' dir='ltr'>istis</span> 
     </span>
    </p>

    <p class='ocr_par' dir='ltr' id='par_1_15' title="bbox 62 2128 911 2265">
     <span class='ocr_line' id='line_1_22' title="bbox 62 2128 911 2265; baseline 0 -36"><span class='ocrx_word' id='word_1_150' title='bbox 62 2165 103 2229; x_wconf 92' lang='lat' dir='ltr'>ad</span> <span class='ocrx_word' id='word_1_151' title='bbox 120 2167 250 2250; x_wconf 91' lang='lat' dir='ltr'>plenum</span> <span class='ocrx_word' id='word_1_152' title='bbox 268 2166 411 2230; x_wconf 86' lang='lat' dir='ltr'>facinus?</span> <span class='ocrx_word' id='word_1_153' title='bbox 423 2186 487 2249; x_wconf 94' lang='lat' dir='ltr'>quo</span> <span class='ocrx_word' id='word_1_154' title='bbox 506 2166 615 2229; x_wconf 88' lang='lat' dir='ltr'>transit</span> <span class='ocrx_word' id='word_1_155' title='bbox 616 2189 654 2228; x_wconf 89' lang='lat' dir='ltr'>us</span> <span class='ocrx_word' id='word_1_156' title='bbox 671 2128 745 2229; x_wconf 87' lang='lat' dir='ltr'>inde</span> <span class='ocrx_word' id='word_1_157' title='bbox 763 2165 911 2265; x_wconf 76' lang='lat' dir='ltr'>paratur?</span> 
     </span>
    </p>

    <p class='ocr_par' dir='ltr' id='par_1_16' title="bbox 61 2250 1152 2400">
     <span class='ocr_line' id='line_1_23' title="bbox 61 2250 1152 2350; baseline 0.006 -37"><span class='ocrx_word' id='word_1_158' title='bbox 61 2250 120 2314; x_wconf 92' lang='lat' dir='ltr'>bos</span> <span class='ocrx_word' id='word_1_159' title='bbox 139 2261 206 2315; x_wconf 89' lang='lat' dir='ltr'>aret</span> <span class='ocrx_word' id='word_1_160' title='bbox 224 2262 279 2315; x_wconf 89' lang='lat' dir='ltr'>aut</span> <span class='ocrx_word' id='word_1_161' title='bbox 266 2261 430 2315; x_wconf 89' lang='lat' dir='ltr'>trnortem</span> <span class='ocrx_word' id='word_1_162' title='bbox 448 2250 649 2350; x_wconf 81' lang='lat' dir='ltr'>senioribus</span> <span class='ocrx_word' id='word_1_163' title='bbox 639 2261 775 2349; x_wconf 85' lang='lat' dir='ltr'>rmputet</span> <span class='ocrx_word' id='word_1_164' title='bbox 792 2251 892 2328; x_wconf 89' lang='lat' dir='ltr'>annis,</span> <span class='ocrx_word' id='word_1_165' title='bbox 1101 2272 1152 2320; x_wconf 79' lang='lat'>470</span> 
     </span>
     <span class='ocr_line' id='line_1_24' title="bbox 62 2334 887 2411; baseline 0.001 -13"><span class='ocrx_word' id='word_1_166' title='bbox 62 2334 252 2400; x_wconf 84' lang='lat' dir='ltr'>horriferum</span> <span class='ocrx_word' id='word_1_167' title='bbox 271 2348 380 2400; x_wconf 87' lang='lat' dir='ltr'>contra</span> <span class='ocrx_word' id='word_1_168' title='bbox 396 2336 514 2400; x_wconf 87' lang='lat' dir='ltr'>borean</span> <span class='ocrx_word' id='word_1_169' title='bbox 532 2336 599 2400; x_wconf 90' lang='lat' dir='ltr'>ovis</span> <span class='ocrx_word' id='word_1_170' title='bbox 618 2358 706 2399; x_wconf 89' lang='lat' dir='ltr'>arma</span> <span class='ocrx_word' id='word_1_171' title='bbox 723 2335 887 2411; x_wconf 91' lang='lat' dir='ltr'>ministret,</span> 
     </span>
    </p>

    <p class='ocr_par' dir='ltr' id='par_1_17' title="bbox 60 2420 918 2505">
     <span class='ocr_line' id='line_1_25' title="bbox 60 2420 918 2505; baseline 0.001 -21"><span class='ocrx_word' id='word_1_172' title='bbox 60 2422 162 2486; x_wconf 87' lang='lat' dir='ltr'>ubera</span> <span class='ocrx_word' id='word_1_173' title='bbox 180 2422 256 2486; x_wconf 91' lang='lat' dir='ltr'>dent</span> <span class='ocrx_word' id='word_1_174' title='bbox 243 2432 398 2485; x_wconf 88' lang='lat' dir='ltr'>tsaturae</span> <span class='ocrx_word' id='word_1_175' title='bbox 415 2420 561 2485; x_wconf 91' lang='lat' dir='ltr'>manibus</span> <span class='ocrx_word' id='word_1_176' title='bbox 579 2420 751 2505; x_wconf 89' lang='lat' dir='ltr'>pressanda</span> <span class='ocrx_word' id='word_1_177' title='bbox 769 2421 918 2505; x_wconf 87' lang='lat' dir='ltr'>capellae</span> 
     </span>
    </p>

    <p class='ocr_par' dir='ltr' id='par_1_18' title="bbox 60 2507 886 2607">
     <span class='ocr_line' id='line_1_26' title="bbox 60 2507 886 2607; baseline 0.001 -37"><span class='ocrx_word' id='word_1_178' title='bbox 60 2507 141 2572; x_wconf 86' lang='lat' dir='ltr'>retia</span> <span class='ocrx_word' id='word_1_179' title='bbox 158 2529 230 2571; x_wconf 88' lang='lat' dir='ltr'>oum</span> <span class='ocrx_word' id='word_1_180' title='bbox 248 2507 368 2590; x_wconf 87' lang='lat' dir='ltr'>pedicis</span> <span class='ocrx_word' id='word_1_181' title='bbox 385 2507 579 2607; x_wconf 83' lang='lat' dir='ltr'>laqueosque</span> <span class='ocrx_word' id='word_1_182' title='bbox 597 2517 744 2588; x_wconf 88' lang='lat' dir='ltr'>artesque</span> <span class='ocrx_word' id='word_1_183' title='bbox 761 2507 886 2571; x_wconf 89' lang='lat' dir='ltr'>dolosas</span> 
     </span>
    </p>

    <p class='ocr_par' dir='ltr' id='par_1_19' title="bbox 60 2590 1232 2761">
     <span class='ocr_line' id='line_1_27' title="bbox 60 2590 1232 2678; baseline -0.001 -22"><span class='ocrx_word' id='word_1_184' title='bbox 60 2593 169 2656; x_wconf 89' lang='lat' dir='ltr'>tollite.</span> <span class='ocrx_word' id='word_1_185' title='bbox 213 2614 273 2655; x_wconf 91' lang='lat' dir='ltr'>nec</span> <span class='ocrx_word' id='word_1_186' title='bbox 290 2592 451 2656; x_wconf 89' lang='lat' dir='ltr'>volucrem</span> <span class='ocrx_word' id='word_1_187' title='bbox 468 2591 588 2656; x_wconf 86' lang='lat' dir='ltr'>viscata</span> <span class='ocrx_word' id='word_1_188' title='bbox 604 2590 751 2655; x_wconf 90' lang='lat' dir='ltr'>fallite&#39;</span> <span class='ocrx_word' id='word_1_189' title='bbox 721 2614 821 2677; x_wconf 87' lang='lat' dir='ltr'>vrrga,</span> <span class='ocrx_word' id='word_1_190' title='bbox 1226 2672 1232 2678; x_wconf 26' lang='grc' dir='ltr'>Ι</span> 
     </span>
     <span class='ocr_line' id='line_1_28' title="bbox 60 2676 1151 2761; baseline 0.005 -21"><span class='ocrx_word' id='word_1_191' title='bbox 60 2698 121 2741; x_wconf 88' lang='lat' dir='ltr'>nec</span> <span class='ocrx_word' id='word_1_192' title='bbox 137 2677 294 2741; x_wconf 82' lang='lat' dir='ltr'>formidat</span> <span class='ocrx_word' id='word_1_193' title='bbox 273 2688 312 2741; x_wconf 89' lang='lat' dir='ltr'>trs</span> <span class='ocrx_word' id='word_1_194' title='bbox 330 2698 440 2742; x_wconf 88' lang='lat' dir='ltr'>cervos</span> <span class='ocrx_word' id='word_1_195' title='bbox 456 2676 578 2741; x_wconf 91' lang='lat' dir='ltr'>illudite</span> <span class='ocrx_word' id='word_1_196' title='bbox 597 2678 718 2761; x_wconf 88' lang='lat' dir='ltr'>pennis,</span> <span class='ocrx_word' id='word_1_197' title='bbox 1101 2697 1151 2746; x_wconf 76' lang='grc'>400</span> 
     </span>
    </p>

    <p class='ocr_par' dir='ltr' id='par_1_20' title="bbox 60 2761 770 2827">
     <span class='ocr_line' id='line_1_29' title="bbox 60 2761 770 2827; baseline -0.001 -1"><span class='ocrx_word' id='word_1_198' title='bbox 60 2783 121 2827; x_wconf 87' lang='lat' dir='ltr'>neo</span> <span class='ocrx_word' id='word_1_199' title='bbox 139 2763 237 2827; x_wconf 87' lang='lat' dir='ltr'>celate</span> <span class='ocrx_word' id='word_1_200' title='bbox 255 2761 333 2826; x_wconf 89' lang='lat' dir='ltr'>cibis</span> <span class='ocrx_word' id='word_1_201' title='bbox 350 2783 449 2827; x_wconf 91' lang='lat' dir='ltr'>uncos</span> <span class='ocrx_word' id='word_1_202' title='bbox 466 2762 633 2826; x_wconf 84' lang='lat' dir='ltr'>fallacibus</span> <span class='ocrx_word' id='word_1_203' title='bbox 650 2762 770 2826; x_wconf 86' lang='lat' dir='ltr'>hamos.</span> 
     </span>
    </p>

    <p class='ocr_par' dir='ltr' id='par_1_21' title="bbox 60 2845 1129 3016">
     <span class='ocr_line' id='line_1_30' title="bbox 60 2845 1129 2932; baseline -0.001 -19"><span class='ocrx_word' id='word_1_204' title='bbox 60 2847 197 2932; x_wconf 89' lang='lat' dir='ltr'>perdit,e</span> <span class='ocrx_word' id='word_1_205' title='bbox 215 2847 243 2911; x_wconf 89' lang='lat' dir='ltr'>si</span> <span class='ocrx_word' id='word_1_206' title='bbox 259 2869 323 2931; x_wconf 89' lang='lat' dir='ltr'>qua</span> <span class='ocrx_word' id='word_1_207' title='bbox 338 2858 466 2923; x_wconf 90' lang='lat' dir='ltr'>nocent,</span> <span class='ocrx_word' id='word_1_208' title='bbox 484 2869 595 2913; x_wconf 87' lang='lat' dir='ltr'>verum</span> <span class='ocrx_word' id='word_1_209' title='bbox 613 2847 691 2912; x_wconf 88' lang='lat' dir='ltr'>haec</span> <span class='ocrx_word' id='word_1_210' title='bbox 709 2867 835 2929; x_wconf 93' lang='lat' dir='ltr'>quoque</span> <span class='ocrx_word' id='word_1_211' title='bbox 852 2845 975 2930; x_wconf 89' lang='lat' dir='ltr'>perdite</span> <span class='ocrx_word' id='word_1_212' title='bbox 992 2857 1129 2912; x_wconf 89' lang='lat' dir='ltr'>tantum.</span> 
     </span>
     <span class='ocr_line' id='line_1_31' title="bbox 61 2931 871 3031; baseline -0.001 -35"><span class='ocrx_word' id='word_1_213' title='bbox 61 2954 117 2996; x_wconf 88' lang='lat' dir='ltr'>ora</span> <span class='ocrx_word' id='word_1_214' title='bbox 134 2942 249 2996; x_wconf 86' lang='lat' dir='ltr'>vacent</span> <span class='ocrx_word' id='word_1_215' title='bbox 265 2933 367 3016; x_wconf 89' lang='lat' dir='ltr'>epulis</span> <span class='ocrx_word' id='word_1_216' title='bbox 386 2933 597 3015; x_wconf 89' lang='lat' dir='ltr'>alimentaque</span> <span class='ocrx_word' id='word_1_217' title='bbox 614 2933 704 2996; x_wconf 89' lang='lat' dir='ltr'>mitia</span> <span class='ocrx_word' id='word_1_218' title='bbox 721 2931 871 3031; x_wconf 91' lang='lat' dir='ltr'>carpant&#39;</span> 
     </span>
    </p>

    <p class='ocr_par' dir='ltr' id='par_1_22' title="bbox 57 3016 1153 4209">
     <span class='ocr_line' id='line_1_32' title="bbox 104 3016 1152 3102; baseline -0.001 -22"><span class='ocrx_word' id='word_1_219' title='bbox 104 3016 237 3080; x_wconf 85' lang='lat' dir='ltr'>Talibus</span> <span class='ocrx_word' id='word_1_220' title='bbox 256 3028 351 3099; x_wconf 90' lang='lat' dir='ltr'>atque</span> <span class='ocrx_word' id='word_1_221' title='bbox 370 3017 464 3081; x_wconf 88' lang='lat' dir='ltr'>aliis</span> <span class='ocrx_word' id='word_1_222' title='bbox 455 3028 608 3081; x_wconf 77' lang='lat' dir='ltr'>instructo</span> <span class='ocrx_word' id='word_1_223' title='bbox 626 3029 699 3102; x_wconf 90' lang='lat' dir='ltr'>pect</span> <span class='ocrx_word' id='word_1_224' title='bbox 700 3040 753 3082; x_wconf 92' lang='lat' dir='ltr'>ore</span> <span class='ocrx_word' id='word_1_225' title='bbox 772 3016 862 3080; x_wconf 88' lang='lat' dir='ltr'>dictis</span> <span class='ocrx_word' id='word_1_226' title='bbox 1046 3033 1152 3101; x_wconf 57' lang='lat' dir='ltr'>Eparia,</span> 
     </span>
     <span class='ocr_line' id='line_1_33' title="bbox 59 3102 1152 3200; baseline 0.005 -34"><span class='ocrx_word' id='word_1_227' title='bbox 59 3102 93 3166; x_wconf 91' lang='lat' dir='ltr'>in</span> <span class='ocrx_word' id='word_1_228' title='bbox 110 3125 168 3200; x_wconf 88' lang='lat' dir='ltr'>pa</span> <span class='ocrx_word' id='word_1_229' title='bbox 153 3102 246 3165; x_wconf 90' lang='lat' dir='ltr'>triam</span> <span class='ocrx_word' id='word_1_230' title='bbox 263 3124 420 3167; x_wconf 89' lang='lat' dir='ltr'>remeasse</span> <span class='ocrx_word' id='word_1_231' title='bbox 438 3103 560 3179; x_wconf 88' lang='lat' dir='ltr'>ferunt,</span> <span class='ocrx_word' id='word_1_232' title='bbox 579 3103 724 3185; x_wconf 88' lang='lat' dir='ltr'>ultroque</span> <span class='ocrx_word' id='word_1_233' title='bbox 741 3103 876 3187; x_wconf 87' lang='lat' dir='ltr'>petitum</span> <span class='ocrx_word' id='word_1_234' title='bbox 1101 3123 1152 3172; x_wconf 82' lang='grc'>480</span> 
     </span>
     <span class='ocr_line' id='line_1_34' title="bbox 60 3150 827 3273; baseline -0.001 -22"><span class='ocrx_word' id='word_1_235' title='bbox 60 3186 221 3271; x_wconf 87' lang='lat' dir='ltr'>accepisse</span> <span class='ocrx_word' id='word_1_236' title='bbox 238 3186 378 3251; x_wconf 87' lang='lat' dir='ltr'>Numam</span> <span class='ocrx_word' id='word_1_237' title='bbox 395 3188 586 3273; x_wconf 91' lang='lat' dir='ltr'>populit</span> <span class='ocrx_word' id='word_1_238' title='bbox 521 3150 586 3251; x_wconf 80' lang='lat' dir='ltr'>L&#39;at</span> <span class='ocrx_word' id='word_1_239' title='bbox 586 3187 655 3252; x_wconf 90' lang='lat' dir='ltr'>ialis</span> <span class='ocrx_word' id='word_1_240' title='bbox 673 3187 827 3252; x_wconf 87' lang='lat' dir='ltr'>habenas:</span> 
     </span>
     <span class='ocr_line' id='line_1_35' title="bbox 60 3271 905 3371; baseline -0.001 -33"><span class='ocrx_word' id='word_1_241' title='bbox 60 3272 197 3356; x_wconf 87' lang='lat' dir='ltr'>coniuge</span> <span class='ocrx_word' id='word_1_242' title='bbox 215 3292 270 3354; x_wconf 86' lang='lat' dir='ltr'>qur</span> <span class='ocrx_word' id='word_1_243' title='bbox 260 3271 363 3336; x_wconf 85' lang='lat' dir='ltr'>&#39;felix</span> <span class='ocrx_word' id='word_1_244' title='bbox 379 3273 521 3371; x_wconf 86' lang='lat' dir='ltr'>nympha</span> <span class='ocrx_word' id='word_1_245' title='bbox 539 3273 736 3356; x_wconf 87' lang='lat' dir='ltr'>ducibusque</span> <span class='ocrx_word' id='word_1_246' title='bbox 756 3271 905 3337; x_wconf 87' lang='lat' dir='ltr'>Camenis</span> 
     </span>
     <span class='ocr_line' id='line_1_36' title="bbox 60 3356 779 3443; baseline 0 -21"><span class='ocrx_word' id='word_1_247' title='bbox 60 3357 220 3422; x_wconf 89' lang='lat' dir='ltr'>sacrificos</span> <span class='ocrx_word' id='word_1_248' title='bbox 238 3356 346 3420; x_wconf 91' lang='lat' dir='ltr'>docuit</span> <span class='ocrx_word' id='word_1_249' title='bbox 362 3357 455 3435; x_wconf 90' lang='lat' dir='ltr'>ritus,</span> <span class='ocrx_word' id='word_1_250' title='bbox 473 3369 664 3443; x_wconf 86' lang='lat' dir='ltr'>gentemque</span> <span class='ocrx_word' id='word_1_251' title='bbox 682 3359 779 3423; x_wconf 89' lang='lat' dir='ltr'>feroci</span> 
     </span>
     <span class='ocr_line' id='line_1_37' title="bbox 59 3441 754 3527; baseline 0.001 -20"><span class='ocrx_word' id='word_1_252' title='bbox 59 3453 220 3507; x_wconf 87' lang='lat' dir='ltr'>assuetam</span> <span class='ocrx_word' id='word_1_253' title='bbox 239 3441 322 3506; x_wconf 91' lang='lat' dir='ltr'>bello</span> <span class='ocrx_word' id='word_1_254' title='bbox 340 3443 426 3527; x_wconf 90' lang='lat' dir='ltr'>pacis</span> <span class='ocrx_word' id='word_1_255' title='bbox 445 3444 585 3507; x_wconf 88' lang='lat' dir='ltr'>traduxit</span> <span class='ocrx_word' id='word_1_256' title='bbox 602 3445 644 3508; x_wconf 91' lang='lat' dir='ltr'>ad</span> <span class='ocrx_word' id='word_1_257' title='bbox 661 3455 754 3509; x_wconf 86' lang='lat' dir='ltr'>artes.</span> 
     </span>
     <span class='ocr_line' id='line_1_38' title="bbox 59 3526 1151 3627; baseline 0.006 -36"><span class='ocrx_word' id='word_1_258' title='bbox 59 3527 122 3627; x_wconf 41' lang='lat' dir='ltr'>qui·</span> <span class='ocrx_word' id='word_1_259' title='bbox 133 3538 302 3612; x_wconf 91' lang='lat' dir='ltr'>postquam</span> <span class='ocrx_word' id='word_1_260' title='bbox 320 3528 425 3592; x_wconf 90' lang='lat' dir='ltr'>senior</span> <span class='ocrx_word' id='word_1_261' title='bbox 442 3550 640 3614; x_wconf 85' lang='lat' dir='ltr'>regnumque</span> <span class='ocrx_word' id='word_1_262' title='bbox 659 3550 836 3612; x_wconf 89' lang='lat' dir='ltr'>aevumque</span> <span class='ocrx_word' id='word_1_263' title='bbox 853 3526 986 3613; x_wconf 89' lang='lat' dir='ltr'>peregit,</span> <span class='ocrx_word' id='word_1_264' title='bbox 1102 3549 1151 3598; x_wconf 83' lang='lat'>485</span> 
     </span>
     <span class='ocr_line' id='line_1_39' title="bbox 59 3610 949 3714; baseline -0.001 -36"><span class='ocrx_word' id='word_1_265' title='bbox 59 3613 235 3678; x_wconf 88' lang='lat' dir='ltr'>extinctum</span> <span class='ocrx_word' id='word_1_266' title='bbox 253 3610 326 3676; x_wconf 89' lang='lat' dir='ltr'>Lat</span> <span class='ocrx_word' id='word_1_267' title='bbox 305 3624 429 3695; x_wconf 85' lang='lat' dir='ltr'>traeque</span> <span class='ocrx_word' id='word_1_268' title='bbox 446 3637 545 3678; x_wconf 91' lang='lat' dir='ltr'>nurus</span> <span class='ocrx_word' id='word_1_269' title='bbox 563 3616 763 3714; x_wconf 82' lang='lat' dir='ltr'>populusque</span> <span class='ocrx_word' id='word_1_270' title='bbox 780 3625 949 3698; x_wconf 88' lang='lat' dir='ltr'>patresque</span> 
     </span>
     <span class='ocr_line' id='line_1_40' title="bbox 59 3697 881 3764; baseline 0.005 -4"><span class='ocrx_word' id='word_1_271' title='bbox 59 3698 217 3762; x_wconf 89' lang='lat' dir='ltr'>deflevere</span> <span class='ocrx_word' id='word_1_272' title='bbox 235 3697 384 3762; x_wconf 89' lang='lat' dir='ltr'>Numam.</span> <span class='ocrx_word' id='word_1_273' title='bbox 428 3722 502 3762; x_wconf 91' lang='lat' dir='ltr'>nam</span> <span class='ocrx_word' id='word_1_274' title='bbox 521 3700 658 3763; x_wconf 89' lang='lat' dir='ltr'>coniunx</span> <span class='ocrx_word' id='word_1_275' title='bbox 675 3700 754 3764; x_wconf 91' lang='lat' dir='ltr'>urbe</span> <span class='ocrx_word' id='word_1_276' title='bbox 772 3699 881 3764; x_wconf 87' lang='lat' dir='ltr'>relicta</span> 
     </span>
     <span class='ocr_line' id='line_1_41' title="bbox 57 3781 773 3860; baseline 0.006 -15"><span class='ocrx_word' id='word_1_277' title='bbox 57 3783 151 3849; x_wconf 87' lang='lat' dir='ltr'>vallis</span> <span class='ocrx_word' id='word_1_278' title='bbox 168 3781 318 3848; x_wconf 86' lang='lat' dir='ltr'>Aricinae</span> <span class='ocrx_word' id='word_1_279' title='bbox 336 3783 441 3848; x_wconf 91' lang='lat' dir='ltr'>densis</span> <span class='ocrx_word' id='word_1_280' title='bbox 458 3784 534 3848; x_wconf 91' lang='lat' dir='ltr'>latet</span> <span class='ocrx_word' id='word_1_281' title='bbox 552 3785 659 3849; x_wconf 89' lang='lat' dir='ltr'>abdita</span> <span class='ocrx_word' id='word_1_282' title='bbox 677 3785 773 3860; x_wconf 88' lang='lat' dir='ltr'>silvis,</span> 
     </span>
     <span class='ocr_line' id='line_1_42' title="bbox 59 3864 866 3954; baseline 0.005 -23"><span class='ocrx_word' id='word_1_283' title='bbox 59 3889 214 3949; x_wconf 87' lang='lat' dir='ltr'>sacraque</span> <span class='ocrx_word' id='word_1_284' title='bbox 233 3864 331 3932; x_wconf 90' lang='lat' dir='ltr'>Orest</span> <span class='ocrx_word' id='word_1_285' title='bbox 318 3879 387 3933; x_wconf 91' lang='lat' dir='ltr'>teae</span> <span class='ocrx_word' id='word_1_286' title='bbox 406 3880 498 3951; x_wconf 92' lang='lat' dir='ltr'>quest</span> <span class='ocrx_word' id='word_1_287' title='bbox 498 3892 521 3933; x_wconf 99' lang='lat' dir='ltr'>u</span> <span class='ocrx_word' id='word_1_288' title='bbox 537 3871 636 3954; x_wconf 90' lang='lat' dir='ltr'>gemit</span> <span class='ocrx_word' id='word_1_289' title='bbox 637 3892 722 3953; x_wconf 93' lang='lat' dir='ltr'>uque</span> <span class='ocrx_word' id='word_1_290' title='bbox 739 3870 866 3935; x_wconf 88' lang='lat' dir='ltr'>Dianae</span> 
     </span>
     <span class='ocr_line' id='line_1_43' title="bbox 58 3952 1153 4040; baseline 0.009 -25"><span class='ocrx_word' id='word_1_291' title='bbox 58 3952 279 4036; x_wconf 83' lang='lat' dir='ltr'>impedita!</span> <span class='ocrx_word' id='word_1_292' title='bbox 298 3954 441 4035; x_wconf 90' lang='lat' dir='ltr'>quotiens</span> <span class='ocrx_word' id='word_1_293' title='bbox 460 3955 617 4039; x_wconf 88' lang='lat' dir='ltr'>nymphae</span> <span class='ocrx_word' id='word_1_294' title='bbox 635 3956 835 4039; x_wconf 90' lang='lat' dir='ltr'>nemorisque</span> <span class='ocrx_word' id='word_1_295' title='bbox 853 3956 1015 4040; x_wconf 81' lang='lat' dir='ltr'>lacusque,</span> <span class='ocrx_word' id='word_1_296' title='bbox 1101 3974 1153 4025; x_wconf 84' lang='grc'>490</span> 
     </span>
     <span class='ocr_line' id='line_1_44' title="bbox 57 4038 796 4114; baseline 0.007 -13"><span class='ocrx_word' id='word_1_297' title='bbox 57 4059 100 4101; x_wconf 91' lang='lat' dir='ltr'>ne</span> <span class='ocrx_word' id='word_1_298' title='bbox 119 4038 253 4114; x_wconf 86' lang='lat' dir='ltr'>faceret,</span> <span class='ocrx_word' id='word_1_299' title='bbox 271 4060 421 4104; x_wconf 88' lang='lat' dir='ltr'>monuere</span> <span class='ocrx_word' id='word_1_300' title='bbox 439 4051 471 4103; x_wconf 90' lang='lat' dir='ltr'>et</span> <span class='ocrx_word' id='word_1_301' title='bbox 488 4041 681 4104; x_wconf 88' lang='lat' dir='ltr'>consolantia</span> <span class='ocrx_word' id='word_1_302' title='bbox 697 4040 796 4106; x_wconf 87' lang='lat' dir='ltr'>verba</span> 
     </span>
     <span class='ocr_line' id='line_1_45' title="bbox 59 4122 772 4209; baseline 0.006 -21"><span class='ocrx_word' id='word_1_303' title='bbox 59 4122 222 4189; x_wconf 80' lang='lat' dir='ltr'>dixeruntt</span> <span class='ocrx_word' id='word_1_304' title='bbox 240 4123 385 4209; x_wconf 87' lang='lat' dir='ltr'>quotiens</span> <span class='ocrx_word' id='word_1_305' title='bbox 401 4124 489 4190; x_wconf 89' lang='lat' dir='ltr'>flenti</span> <span class='ocrx_word' id='word_1_306' title='bbox 507 4124 662 4191; x_wconf 83' lang='lat' dir='ltr'>Theseius</span> <span class='ocrx_word' id='word_1_307' title='bbox 679 4125 772 4192; x_wconf 88' lang='lat' dir='ltr'>heros</span> 
     </span>
    </p>
   </div>
   <div class='ocr_carea' id='block_1_3' title="bbox 0 0 1292 4478">
    <p class='ocr_par' dir='ltr' id='par_1_23' title="bbox 0 0 1292 4478">
     <span class='ocr_line' id='line_1_46' title="bbox 0 0 1292 4478; baseline 0 0"><span class='ocrx_word' id='word_1_308' title='bbox 0 0 1292 4478; x_wconf 95' lang='lat' dir='ltr'> </span> 
     </span>
    </p>
   </div>
  </div>
 </body>
</html>
