2574 4478
257 272 623 334 narnuonrsosson
639 271 712 332 ms.
730 271 809 332 xm.
829 275 965 333 sae-910
1062 258 1124 327 233

104 421 242 485 eumque
260 402 325 467 suis
343 401 452 466 videor
468 402 651 466 translatam
669 400 788 465 viribus
806 401 946 466 Aetnam

103 499 232 572 pectore
250 488 333 552 ferre
350 510 435 553 meo:
453 509 512 552 neo
529 499 578 564 tu,
598 485 747 562 Galatea,
766 488 931 552 moveris.''

103 573 180 639 talia
197 574 390 658 nequiquam
408 585 537 657 questus
555 571 643 654 (nam
661 583 775 637 cuneta
792 572 954 656 videbam)

105 658 207 744 surgit
224 671 256 724 et
272 671 309 724 ut
326 671 435 723 taurus
452 681 549 724 vacca
566 657 756 722 furibundus
774 658 923 743 adempta
1142 681 1192 731 sto

104 756 188 810 stare
205 745 316 829 nequit
333 745 474 828 silvaque
493 755 524 809 et
539 743 622 808 notis
641 743 772 808 saltibus
790 754 886 808 errat:

104 853 177 895 cum
196 831 283 895 ferus
299 830 427 915 ignaros
444 852 503 895 nec
520 829 690 913 quicquam
708 829 770 894 tale
787 829 934 894 timentes

104 939 155 982 me
173 915 260 981 videt
278 928 372 999 atque
389 915 474 981 Acin
493 915 698 999 “video''que
717 914 873 980 exclamat
890 921 961 991 “et‚
979 913 1040 980 ista

104 1001 216 1067 ultima
233 1000 289 1078 sit,
307 1001 437 1078 faciam,
454 1001 589 1066 Veneris
607 1001 775 1066 concordia
791 999 945 1065 vestrae.''

103 1098 256 1170 tantaque
273 1109 350 1164 vox,
369 1098 520 1170 quantam
538 1084 676 1171 Cyclops
693 1087 791 1150 iratus
809 1086 926 1151 habere

104 1173 227 1249 debuit,
245 1172 300 1237 illa
316 1171 390 1249 fuit3
409 1173 545 1236 clamore
562 1171 740 1257 perhorruit
756 1173 873 1236 Aetna.

104 1269 152 1324 ast
170 1280 231 1344 ego
249 1257 352 1322 vicino
369 1258 535 1343 pavefacta
553 1257 612 1321 sub
630 1278 766 1340 aequore
783 1279 918 1342 mergor.

103 1355 194 1429 terga
210 1343 308 1428 fugae
326 1342 455 1408 dederat
473 1365 624 1408 conversa
641 1341 845 1426 Symaethius
862 1344 955 1408 heros

104 1441 135 1495 et
152 1429 228 1493 “fer
246 1451 353 1514 opem,
372 1427 521 1504 Galatea,
538 1450 658 1513 precor,
676 1427 766 1492 mihil
785 1428 878 1504 ferte,
896 1431 1072 1514 parentes,”

104 1515 228 1580 dixerat
245 1521 302 1579 “et
318 1514 430 1578 vestris
448 1513 622 1599 periturum
639 1513 794 1578 admittite
811 1514 948 1599 regnis.''

102 1600 280 1684 insequitur
298 1597 438 1684 Cyclops
455 1611 640 1685 partemque
658 1621 676 1664 e
693 1610 800 1664 monte
817 1600 977 1665 revulsam

101 1685 213 1762 mittit3
231 1695 262 1751 et
279 1696 438 1750 extremus
456 1684 599 1768 quamvis
616 1684 760 1770 pervenit
777 1684 817 1749 ad
835 1685 925 1749 illum

102 1771 239 1858 angulus
260 1792 299 1834 ex
328 1771 423 1848 iactu,
444 1780 544 1834 totum
561 1781 668 1835 tamen
685 1770 791 1836 obruit
808 1771 902 1835 Acin.

103 1869 136 1922 at
154 1878 226 1934 nos,
244 1856 329 1940 quod
346 1856 414 1920 fieri
432 1856 534 1919 solum
550 1878 607 1941 per
624 1856 691 1920 fata
707 1855 834 1934 licebat,

101 1942 252 2019 fecimus,
269 1952 305 2005 ut
322 1940 405 2006 vires
423 1951 596 2005 assumeret
613 1940 693 2006 Acis
711 1941 821 2007 avitas.

101 2026 258 2112 puniceus
280 2025 323 2092 ‚de
340 2027 422 2090 mole
440 2048 532 2091 cruor
548 2026 713 2103 manabat,
732 2037 763 2092 et
780 2027 862 2092 intra

101 2112 253 2198 temporis
270 2111 422 2197 exiguum
439 2111 536 2175 rubor
553 2133 740 2176 evanescere
758 2112 874 2197 coepit3

101 2198 202 2282 fitque
221 2197 306 2262 color
322 2196 423 2282 primo
441 2196 558 2260 turbati
575 2196 713 2261 fluminis
730 2197 831 2262 imbre

101 2294 321 2369 purgaturque
338 2304 436 2346 mora.
479 2293 547 2346 tum
564 2282 662 2346 moles
680 2282 781 2347 fracta
799 2282 941 2360 dehiscit,

101 2369 240 2452 vivaque
256 2390 314 2454 per
329 2367 426 2432 rimas
442 2388 636 2453 proceraque
654 2367 755 2454 surgit
771 2369 925 2447 harundo,

102 2475 203 2538 osque
221 2475 334 2518 cavum
353 2453 421 2517 saxi
439 2463 529 2518 sonat
546 2453 760 2519 exultantibus
778 2455 886 2519 undisz

101 2540 246 2623 miraque
262 2561 328 2617 res,
346 2539 451 2604 subito
468 2539 682 2604 mediatenus
700 2539 802 2604 extitit
820 2540 891 2604 alvo

100 2624 257 2690 incinctus
274 2624 397 2689 iuvenis
414 2625 503 2690 flexis
520 2647 604 2690 nova
623 2646 742 2690 cornua
760 2625 878 2708 cannis,

101 2711 172 2796 qui,
189 2709 251 2774 nisi
268 2711 354 2794 quod
371 2709 481 2788 maior,
498 2712 584 2794 quod
602 2720 668 2776 toto
687 2711 831 2776 caerulus
848 2733 912 2788 ore,

101 2797 181 2861 Acis
199 2805 275 2861 erat.
319 2797 374 2860 sed
392 2796 438 2861 sic
455 2816 581 2880 quoque
599 2807 665 2862 erat
682 2807 788 2861 tamen
806 2796 899 2873 Acis,
917 2797 950 2861 in
968 2821 1092 2863 amnem
1142 2819 1191 2869 895

101 2904 227 2959 versus3
246 2892 277 2945 et
294 2881 459 2965 antiquum
478 2893 644 2947 tenuerunt
662 2883 793 2947 fiumina
810 2881 946 2948 nomen.'

144 2966 294 3032 Desierat
311 2965 447 3032 Galatea
464 2968 551 3051 loqui
557 2992 566 3045 ;
585 2979 740 3052 coetuque
757 2969 860 3033 soluto
1045 2983 1193 3055 (Glaucus.)

101 3053 269 3117 discedunt
286 3052 480 3136 placidisque
497 3063 609 3118 natant
625 3052 780 3119 Nereides
796 3053 900 3118 undis.

102 3136 213 3222 Scylla
229 3137 310 3202 redit
328 3136 445 3221 (neque
464 3137 548 3203 enim
567 3138 671 3203 medio
689 3161 723 3204 se
741 3139 869 3205 credere
885 3151 983 3224 ponto

100 3222 213 3308 audet)
231 3233 262 3287 et
280 3234 334 3286 aut
352 3223 460 3288 bibula
478 3223 545 3289 sine
564 3223 703 3290 vestibus
722 3236 804 3290 errat
821 3225 948 3304 harena,
1144 3245 1193 3296 900

100 3320 172 3387 aut,
190 3307 246 3372 ubi
262 3308 380 3373 lassata
397 3320 460 3386 est,
479 3309 625 3375 seductos
642 3321 736 3375 nacta
753 3333 895 3376 recessus

99 3393 252 3480 gurgitis,
270 3393 392 3458 inclusa
409 3416 468 3458 sua
484 3396 628 3460 membra
644 3395 811 3482 refrigerat
828 3396 923 3462 unda.

100 3502 176 3545 ecce
193 3479 276 3543 freto
293 3478 443 3556 stridens,
462 3480 517 3545 alti
533 3503 635 3545 novus
651 3481 756 3546 incola
773 3483 862 3568 ponti

98 3587 204 3651 nuper
221 3564 253 3628 in
271 3563 416 3630 Euboica
434 3566 532 3631 versis
551 3566 743 3632 Anthedone
760 3567 920 3644 membris,

100 3649 246 3718 Glaucus
265 3649 355 3715 adest
372 3650 522 3733 visaeque
540 3651 687 3736 cupidine
704 3652 834 3738 virginis
852 3652 970 3730 haeret,
1144 3675 1192 3725 905

98 3748 132 3802 et
149 3757 370 3820 quaecumque
387 3747 480 3822 putat
497 3736 671 3821 fugientem
689 3759 782 3821 posse
799 3739 925 3815 morari,

97 3823 200 3887 verba
216 3822 322 3887 refert
365 3821 447 3906 fugit
465 3821 519 3885 illa
536 3833 642 3886 tamen
661 3823 816 3905 veloxque
834 3822 946 3889 timore

96 3907 245 3995 pervenit
261 3907 295 3971 in
312 3929 471 3972 summum
489 3906 582 3993 positi
600 3929 698 3993 prope
716 3908 808 3972 litora
824 3908 950 3974 montis.

97 4004 174 4059 ante
192 3993 310 4058 fretum
327 4004 375 4058 est
391 3993 518 4079 ingens,
538 3993 660 4078 apicem
678 3994 838 4060 conlectus
856 3994 890 4060 in
907 4018 1017 4074 unum,

94 4081 215 4167 longus
223 4081 266 4147 ab
274 4077 465 4163 aequoribus
477 4099 637 4146 convexus
654 4079 687 4146 in
704 4102 843 4167 aequora
860 4092 979 4149 vertex.
1144 4102 1194 4155 alo
