2574 4478
255 304 622 365 nnrsuonrnoscou
639 308 712 362 mn.
729 306 795 362 ΧΠ.
813 305 958 363 raa-soa.
1048 288 1118 358 '211

96 431 235 497 maxime
253 431 302 496 vir
319 431 493 516 quondam,
511 430 568 496 sed
586 453 672 495 nunc
689 431 757 496 avis
774 431 883 507 unica,
902 427 1071 496 annenP’

97 519 217 584 credita
234 540 284 582 res
302 529 430 583 auctore
449 538 507 582 suo
525 527 581 582 est.
625 516 716 582 dolor
733 516 853 581 addidit
869 516 960 592 iram,

96 624 348 690 oppressumque
365 625 460 688 aegre
478 602 608 667 tulimus
625 613 672 667 tot
689 602 731 667 ah
748 601 892 667 hostibus
908 623 1022 679 unum3

96 712 155 754 nec
173 689 262 775 prius
280 688 457 753 abstitimus
475 688 558 754 ferro
577 710 723 754 exercere
741 688 891 765 dolorem,

97 797 193 860 quam
213 775 287 838 data
303 796 377 860 pars
394 775 467 850 leto,
486 784 609 859 partem
626 773 706 859 fuga
721 794 848 857 noxque
865 772 1019 838 removit?
1140 794 1190 842 530

139 862 233 926 Haec
250 858 505 944 inter-Lapithas
522 870 554 924 et
572 859 793 924 semihomines
812 856 989 923 Centauros
1077 857 1191 925 Pericly-

97 947 231 1031 proelia,
250 944 309 1010 Tle
333 945 468 1019 olemus,
486 945 580 1029 Pylio
597 944 767 1023 referente,
786 944 926 1010 dolorem
1084 943 1180 979 mm·

96 1031 258 1118 praeteriti
321 1029 410 1095 cidac
427 1029 522 1095 tacito
540 1051 604 1094 non
621 1031 750 1115 pertulit
767 1051 821 1095 ore

97 1128 193 1200 atque
211 1117 270 1180 ait:
289 1115 493 1182 “Herculeae
511 1116 626 1179 mirum
644 1127 692 1180 est
709 1115 827 1180 oblivia
843 1114 947 1180 laudis

97 1213 169 1268 acta
186 1201 259 1278 tibi,
277 1201 390 1266 senior.
435 1212 519 1266 certe
536 1201 613 1265 mihi
632 1223 726 1286 saepe
743 1201 861 1266 referre
1140 1219 1190 1269 535

97 1288 286 1373 Nubigenas
304 1286 440 1351 domitos
458 1309 477 1351 a
494 1309 528 1351 se
545 1297 635 1371 pater
651 1287 720 1372 ipse
739 1285 880 1350 solebat?

97 1373 195 1439 tristis
213 1373 254 1436 ad
272 1372 350 1438 haec
367 1373 494 1457 Pylius:
514 1372 606 1455 ‘quid
623 1395 674 1437 mc
691 1371 872 1437 meminisse
889 1371 1045 1435 malorum

98 1459 186 1545 cogis
204 1468 236 1524 et
254 1458 408 1522 obductos
426 1457 517 1522 annis
535 1457 712 1522 rescindere
729 1457 833 1522 luctus

96 1546 193 1629 inque
211 1555 302 1608 tuum
319 1544 495 1628 genitorem
513 1543 622 1607 odium
640 1543 841 1626 offensasque
858 1541 969 1607 fateri?

96 1630 148 1695 illc
167 1630 297 1714 quidem
315 1629 436 1694 maiora
452 1629 531 1705 fide,
550 1628 595 1692 dil
614 1630 713 1714 gessit
730 1639 761 1694 et
778 1629 889 1692 orbem

96 1716 241 1800 implevit
257 1715 391 1790 meritis,
409 1714 495 1798 quod
512 1714 639 1779 mallem
657 1736 749 1799 posse
766 1736 899 1799 negare:

98 1801 152 1866 sed
171 1822 276 1884 neque
293 1800 500 1885 Deiphobum
517 1822 577 1864 nec
593 1800 827 1884 Polydamanta
843 1821 904 1864 nec
920 1799 1026 1885 ipsum

96 1888 240 1952 Hectora
257 1886 434 1950 laudamus.
479 1885 550 1969 quis
568 1885 652 1951 enim
669 1885 845 1950 laudaverit
862 1884 1004 1950 hostem?

96 1973 149 2038 illc
167 1983 242 2037 tuus
260 1971 385 2056 genitor
401 1971 565 2037 Messenia
581 1971 706 2036 moenia
723 1970 885 2055 quondam

97 2058 210 2123 stravit
228 2067 260 2122 et
276 2056 449 2122 immeritas
466 2057 561 2121 urbes
579 2055 728 2139 Elimque
745 2056 928 2140 Pylumque

97 2143 195 2208 diruit
211 2142 309 2226 inque
326 2164 414 2207 meos
431 2142 552 2208 ferrum
568 2142 792 2224 flammamque
809 2141 948 2206 Penates

96 2228 233 2315 impulit.
277 2239 375 2312 utque
393 2228 471 2293 alios
489 2239 621 2305 taceam,
640 2248 719 2311 quos
736 2227 789 2291 illc
806 2227 952 2310 peremit:

96 2315 147 2380 his
167 2337 224 2380 sex
240 2313 375 2379 Nelidae
392 2312 525 2390 fuimus,
545 2323 714 2397 conspecta
730 2312 892 2377 iuventus:

96 2400 147 2465 bis
167 2423 223 2465 sex
241 2399 410 2465 Herculeis
428 2399 623 2477 ceciderunt,
641 2420 692 2464 me
710 2397 814 2462 minus
832 2419 906 2474 uno,

95 2485 230 2550 viribus.
273 2495 369 2568 atque
387 2484 464 2550 alios
482 2484 566 2549 vinci
582 2483 723 2570 potuisse
740 2483 905 2548 ferendum
925 2494 986 2549 est:

96 2572 180 2636 mira
196 2570 409 2654 Periclymeni
426 2593 510 2634 mors
529 2580 585 2636 est.
630 2569 681 2635 cui
698 2591 792 2655 posse
809 2569 928 2654 figuras

98 2679 226 2721 sumere
244 2677 323 2739 quas
341 2655 438 2721 vellet
453 2677 626 2739 rursusque
643 2677 797 2741 reponere
815 2666 957 2738 sumptas

96 2742 269 2828 Neptunus
288 2741 432 2819 dederat,
449 2741 541 2806 Nelei
558 2740 720 2827 sanguinis
738 2751 856 2805 auctor.

96 2827 151 2892 hic
168 2826 225 2892 ubi
241 2827 436 2911 nequiquam
454 2837 502 2892 est
518 2826 637 2890 formas
655 2826 794 2891 variatus
811 2825 845 2889 in
863 2847 983 2903 omnes,

96 2912 233 2978 vertitur
249 2912 282 2976 in
300 2913 415 2977 faciem
433 2912 583 2988 volucris,
601 2933 683 2995 quae
701 2911 836 2976 fulmina
854 2910 958 2975 curvis

96 2999 185 3064 ferre
202 2998 282 3063 solet
298 2998 448 3083 pedibus,
467 2997 576 3061 divum
593 2997 773 3082 gratissima
790 2997 868 3082 regi.

97 3082 221 3148 viribus
238 3105 314 3147 usus
333 3083 413 3160 avis,
431 3083 543 3168 pennis
560 3093 726 3166 rostroque
743 3083 883 3147 redunco

97 3169 298 3251 hamatisque
316 3168 376 3233 viri
392 3169 566 3233 laniaverat
583 3169 744 3254 unguibus
762 3190 826 3233 ora.

98 3254 202 3320 tendit
218 3253 253 3318 in
270 3254 353 3319 hanc
369 3254 502 3318 nimium
521 3264 622 3318 certos
640 3253 826 3339 Tirynthius
844 3276 937 3318 arcus

98 3353 195 3424 atque
212 3339 294 3404 inter
311 3340 412 3404 nubes
431 3339 577 3404 sublimia
594 3338 737 3405 membra
754 3339 908 3415 ferentem

98 3426 355 3512 pendentemque
373 3424 459 3500 ferit,
477 3425 569 3488 lateri
586 3446 650 3507 qua
667 3425 808 3510 iungitur
826 3426 886 3489 ala.

99 3534 159 3577 nec
176 3533 276 3596 grave
293 3511 410 3575 vulnus
428 3522 508 3575 erat:
528 3510 583 3574 sed
600 3509 686 3596 rupti
704 3511 835 3576 vulnere
852 3509 943 3575 nervi

100 3597 252 3662 deliciunt
270 3606 456 3679 motumque
474 3606 593 3681 negant
611 3595 757 3679 viresque
774 3595 912 3660 volandi.

100 3683 219 3748 decidit
235 3682 269 3746 in
286 3692 417 3759 terram,
435 3704 499 3745 non
517 3681 767 3766 concipientibus
785 3703 878 3746 auras

99 3768 232 3833 infirmis
250 3767 377 3852 pennis;
396 3777 428 3832 et
445 3789 509 3850 qua
526 3767 604 3831 levis
622 3767 768 3833 haeserat
785 3766 865 3845 alae,

100 3853 241 3939 corporis
261 3852 358 3916 adfixi
374 3874 484 3938 pressa
501 3863 548 3918 est
566 3853 722 3938 gravitate
738 3853 854 3938 sagitta

99 3961 220 4024 perque
237 3939 320 4003 latus
338 3961 498 4003 summum
515 3938 626 4023 iugulo
644 3950 692 4003 est
708 3949 820 4004 exacta
837 3937 927 4004 sinist
964 3986 973 4003 .

100 4048 184 4090 nunc
195 4024 307 4089 videor
324 4024 439 4090 debere
457 4024 504 4090 tui
520 4025 689 4109 praeconia
705 4024 801 4089 rebus

100 4110 266 4188 Herculis,
284 4131 303 4174 o
321 4108 467 4177 Rhodiae
483 4111 595 4176 ductor
612 4109 822 4196 pulcherrime
840 4109 963 4266 classip:

904 4211 929 4267 q
944 4216 959 4244 a
