2574 4478
162 256 205 323 56
493 271 528 328 Ρ,
547 271 671 328 0v1D11
689 271 852 328 alsonus

163 395 351 461 vaticinatus
369 404 445 460 erat.
489 408 602 481 parent
619 408 798 480 matresque
816 417 988 479 nurusque,

114 501 146 551 10
162 481 306 565 telasque
323 480 527 564 calathosque
543 481 724 565 infectaque
740 504 840 567 pensa
856 492 1014 568 reponunt

162 579 297 652 turaque
332 567 409 632 dant
443 566 671 652 Bacchumque
706 579 822 633 vocant
855 568 1085 652 Bromiumque
1116 566 1183 654 Ly·

544 676 637 720 aeum
659 675 700 718 ue

156 739 409 824 Ignigenamque
426 749 592 823 satumque
609 675 724 804 itdrum
742 739 907 822 solumque
916 740 1108 806 Bimatrem:

164 825 290 889 additur
306 825 355 889 his
372 825 500 909 Nyseus
517 825 765 908 indetonsusque
782 824 956 910 Thyoneus

163 921 195 975 et
212 932 285 974 cum
302 910 432 975 Lenaeo
449 911 581 995 genialis
599 911 736 976 consitor
752 932 845 988 uvae,

114 1013 146 1062 15
163 996 391 1081 Nycteliusque
409 994 601 1080 Eleleusque
619 1018 733 1081 parens
751 1007 783 1061 et
799 994 935 1061 Iacchus
952 1008 983 1061 et
1001 995 1129 1075 Euhan,

165 1093 295 1164 atquae
313 1093 477 1231 ppaeterea
534 1106 550 1146 r
568 1081 683 1146 Graias
701 1081 839 1167 plurima
855 1092 966 1167 gentes

163 1167 302 1244 nomina,
351 1167 428 1242 iber,
446 1167 488 1230 ha
546 1215 555 1231 .
580 1167 639 1231 tibi
653 1168 736 1232 enim
748 1168 972 1253 inconsumpta
984 1167 1114 1234 iuventa
1127 1178 1181 1246 est,

163 1264 199 1317 tu
216 1275 296 1338 puer
313 1264 474 1330 aeternus,
492 1264 527 1317 tu
544 1252 790 1318 formosissimus
808 1253 871 1318 alto

164 1338 353 1423 conspiceris
371 1339 469 1403 caelo.
512 1339 584 1416 tibi,
603 1360 676 1403 cum
694 1338 761 1404 sine
780 1338 928 1404 cornibus
945 1349 1039 1415 astas,

113 1443 147 1494 ao
164 1425 342 1510 virgineum
360 1434 456 1510 caput
473 1435 530 1489 est.
574 1424 678 1489 oriens
696 1425 754 1489 tibi
771 1425 873 1489 vietus
892 1425 1035 1509 adusque

164 1510 291 1575 decolor
308 1519 449 1575 extremo
467 1531 531 1593 qua
547 1510 593 1574 tin
640 1510 703 1574 ‘tur
719 1509 813 1574 India
831 1507 904 1576 Gan
948 1558 957 1574 .

162 1593 309 1662 Penthea
326 1606 376 1672 tu,
393 1595 571 1660 venerande
576 1533 899 1681 ‚llihenniferumque
905 1533 1105 1682 {lycurgum

164 1681 335 1766 sacrilegos
351 1692 486 1758 maetas,
503 1680 732 1765 Tyrrhenaque
750 1682 847 1746 mittis
864 1682 898 1746 in
915 1703 1033 1766 aequor

165 1788 306 1851 corpora.
349 1777 385 1830 tu
401 1767 546 1852 biiugum
584 1767 654 1831 ictis
671 1767 732 1831 insi
778 1767 809 1831 ia
824 1766 922 1832 frenis

114 1874 147 1923 25
165 1852 247 1916 colla
263 1852 379 1939 premis
396 1852 541 1937 lyncum,
558 1789 705 1918 hacchae
751 1852 895 1937 atyrique
914 1864 1101 1937 sequuntur,

164 1938 283 2021 quique
300 1961 396 2003 senex
413 1938 515 2002 ferula
532 1937 702 2003 titubantes
720 1938 826 2003 ebrius
844 1950 930 2002 artus

165 2024 299 2088 sustinet
316 2035 347 2088 et
363 2025 469 2110 pando
486 2044 549 2088 non
567 2023 690 2089 fortiter
706 2022 814 2089 haeret
832 2024 939 2089 asello.

165 2130 365 2193 quacumque
382 2109 570 2195 ingrederis,
588 2110 707 2174 clamor
722 2109 876 2174 iuvenalis
895 2120 925 2174 et
942 2132 1007 2174 una

164 2196 320 2260 femineae
337 2217 431 2261 voces
448 2195 646 2281 impulsaque
663 2206 815 2281 tympana
831 2195 944 2281 palmis

114 2301 148 2351 ao
165 2302 366 2365 concavaque
383 2304 458 2346 aera
474 2292 588 2346 sonant
604 2281 763 2367 longoque
781 2280 935 2346 foramine
952 2280 1070 2346 buxus.

165 2367 324 2453 ‘placatus
341 2367 502 2450 mitisque'
520 2378 635 2453 rogant
651 2367 826 2432 Ismenides
845 2366 964 2443 ‘adsis’

164 2453 314 2537 iussaque
331 2475 420 2517 sacra
438 2454 554 2517 colunt.
599 2454 684 2518 solae
701 2451 882 2538 Minyeides
900 2452 985 2516 intus

164 2538 385 2624 intempestiva
402 2540 565 2603 turbantes
582 2538 664 2603 festa
680 2537 830 2603 Minerva

165 2634 220 2688 aut
237 2624 356 2688 ducunt
373 2625 462 2689 lanas
480 2635 535 2689 aut
552 2623 688 2688 stamina
703 2624 817 2709 pollice
835 2633 961 2689 versant

114 2731 147 2780 35
166 2719 221 2773 aut
237 2708 368 2808 haerent
385 2709 682 2811 telaeofamulasque
697 2709 858 2810 lahoribus
876 2718 1001 2795 urgent.

166 2795 400 2946 pdquqbpesspaqq
414 2795 1091 2965 heh'vdedoedrhhiddtidiihciadihmfiequentant,

164 2987 223 3030 nos
240 2987 380 3050 quoque,
399 2987 478 3050 quas
495 2966 618 3044 Pallas,
636 2967 748 3032 melior
765 2967 839 3044 dea,
858 2965 989 3031 detinet'
1007 2966 1121 3051 inquit,

165 3051 256 3116 ‘utile
273 3073 353 3137 opus
370 3075 523 3116 manuum
540 3053 628 3118 vario
646 3074 789 3118 sermone
806 3052 962 3116 levemus:

113 3158 148 3208 40
164 3159 285 3224 perque
302 3137 388 3203 vices
405 3137 538 3221 aliquid,
556 3138 641 3222 quod
659 3148 802 3224 tempora
818 3138 915 3222 longa
932 3136 1032 3201 videri

163 3246 228 3288 non
246 3224 340 3300 sinat,
358 3223 392 3286 in
409 3223 548 3289 medium
565 3246 682 3289 vacuas
699 3223 872 3289 referamus
890 3222 930 3286 ad
948 3221 1061 3285 aures!

165 3310 250 3374 dicta
266 3309 414 3395 probant,
432 3310 630 3395 primamque
647 3310 757 3375 iubent
773 3330 902 3373 narrare
920 3329 1053 3372 sorores.

164 3394 232 3470 illa,
249 3395 327 3477 quid
345 3417 363 3460 e
379 3394 486 3458 multis
503 3395 619 3460 referat
636 3393 725 3477 (nam
742 3395 878 3480 plurima
894 3393 1010 3471 norat),

165 3481 293 3566 cogitat.
336 3491 368 3545 et
385 3479 482 3545 dubia
499 3492 560 3559 est,
579 3481 619 3546 de
637 3492 679 3558 te,
695 3480 889 3564 Babylonia,
907 3490 1023 3557 narret,

113 3587 146 3634 45
163 3564 309 3645 Derceti,
327 3587 423 3648 quam
441 3589 532 3631 versa
548 3566 688 3650 squamis
706 3566 884 3631 velantibus
902 3575 988 3628 artus

164 3663 277 3738 stagna
292 3649 466 3716 Palaestini
484 3652 616 3717 credunt
633 3662 770 3717 motasse
788 3652 905 3737 figurat

164 3760 205 3801 an
222 3736 338 3822 magis,
356 3748 393 3801 ut
408 3738 542 3822 sumptis
559 3738 642 3802 illius
659 3737 724 3802 filia
741 3736 853 3822 pennis

164 3832 321 3887 extremos
338 3822 409 3888 altis
427 3823 459 3887 in
477 3823 616 3886 turribus
635 3823 735 3908 egerit
751 3844 865 3887 annos:

163 3906 243 3972 Nais
260 3930 302 3972 an
318 3918 354 3972 ut
371 3920 466 3973 cantu
483 3907 679 3991 nimiumque
696 3907 876 3994 potentibus
894 3904 1000 3971 herbis

112 4012 148 4065 ω
164 3991 293 4059 verterit
308 3991 343 4057 in
360 3993 473 4059 tacitos
490 3993 649 4058 iuvenalia
667 4015 799 4080 corpora
815 3992 928 4079 pisces,

35 4082 57 4135 ἶ
80 4075 86 4087 ’
162 4076 264 4147 donec
279 4076 365 4145 idem
381 4101 476 4167 passa
494 4091 556 4146 est:
574 4102 626 4159 an,
644 4100 726 4166 quae
742 4101 839 4167 poma
856 4077 930 4143 alba
946 4076 1080 4156 ferebat,

30 4112 48 4137 q!

30 4134 91 4219 la·
