2574 4478
259 253 321 320 192
584 266 617 320 Ρ.
637 263 760 323 OVIDII
777 262 939 322 NASONIS

256 391 324 490 ipse
341 399 448 474 pavet,
466 411 525 454 nec
543 411 591 466 se,
610 389 664 472 qui
681 389 721 452 sit
738 399 851 464 status,
868 388 936 472 ipse
954 387 1071 451 fatetur

258 499 337 540 serre
354 475 429 540 ratis
446 486 558 551 rector,
576 496 636 538 nec
653 473 730 558 quid
746 473 894 538 iubeatve
912 484 1051 537 vetetve:

257 572 345 624 tanta
361 560 435 624 mali
452 560 566 636 moles,
583 570 734 641 tantoque
752 559 908 644 potentior
924 568 990 622 arte
1008 570 1065 622 est.

189 666 239 715 495
258 646 375 731 quippe
392 655 505 709 sonant
522 646 657 709 clamore
674 644 748 720 viri,
766 644 898 708 stridore
914 643 1074 717 rudentes,

258 742 424 796 ventorum
433 731 563 795 incursu
574 729 680 815 gravis
697 728 797 804 unda,
815 728 982 793 tonitribus
1000 727 1117 793 aether.

261 818 408 882 fluctibus
427 818 471 881 eri
498 816 559 880 'tur
569 815 754 897 caelumque
772 836 907 897 aequare
925 813 1050 878 videtur

257 910 371 986 pontus
389 909 421 963 et
436 839 581 964 indrictas
599 900 765 984 aspergine
782 910 911 984 tangere
928 899 1040 964 nubes.

257 996 290 1049 et
305 985 409 1061 modo,
427 1007 499 1050 oum
516 985 620 1049 fulvas
637 1006 677 1049 ex
693 985 757 1048 imo
775 986 871 1048 verrit
887 984 1032 1061 harenas,

191 1090 241 1140 ooo
259 1071 404 1135 concolor
421 1082 468 1135 est
483 1070 559 1147 illis,
578 1067 692 1155 Stygia
708 1070 802 1134 modo
820 1069 938 1155 nigrior
954 1070 1055 1133 unda:

257 1155 405 1221 sternitur
420 1155 578 1220 interdum
595 1155 778 1240 spumisque
796 1154 981 1219 sonantibus
999 1156 1093 1220 albet.

255 1239 325 1325 ipsa
342 1261 468 1324 quoque
485 1240 534 1304 his
552 1240 658 1324 agitur
672 1240 794 1304 vicibus
811 1239 981 1304 Trachinia
997 1240 1128 1325 puppis:

256 1337 289 1390 et
305 1348 390 1390 nunc
407 1325 563 1400 sublimis,
581 1324 679 1389 veluti
697 1325 737 1390 de
754 1325 871 1389 vertice
887 1325 1013 1401 montis,

257 1410 417 1496 despicere
433 1411 466 1474 in
483 1410 581 1475 valles
597 1409 760 1493 imumque
777 1409 960 1474 Acheronta
977 1410 1116 1475 videtur:

189 1516 238 1566 555
256 1518 355 1571 nunc,
372 1495 428 1560 ubi
446 1495 614 1560 demissam
632 1516 765 1560 curvum
782 1495 986 1560 circumstetit
1003 1516 1133 1579 aequor,

256 1581 416 1666 suspicere
432 1580 556 1646 inferno
573 1603 732 1644 summum
750 1580 790 1644 de
806 1581 932 1666 gurgite
949 1580 1083 1645 caelum.

257 1689 351 1752 saepe
369 1667 423 1730 dat
439 1667 600 1751 ingentem
617 1666 715 1730 fluctu
733 1666 815 1730 latus
833 1667 896 1730 icta
911 1666 1087 1751 fragorem:

256 1774 315 1816 nec
331 1751 432 1816 levius
449 1752 574 1836 pulsata
592 1760 695 1828 sonat,
713 1772 810 1833 quam
826 1751 947 1816 ferreus
965 1751 1040 1815 olim

256 1859 329 1901 cum
345 1838 464 1901 laceras
481 1836 561 1901 aries
579 1836 743 1900 ballistave
760 1837 900 1900 concutit
916 1857 1014 1902 arces.

189 1941 239 1990 515
257 1933 354 2004 utque
371 1922 472 1986 solent
490 1922 622 2006 sumptis
639 1921 768 1986 incursu
785 1921 904 1987 viribus
921 1921 967 1986 ire

256 2017 382 2092 pectore
400 2006 433 2070 in
451 2030 538 2071 arma
554 2006 613 2071 feri
629 2017 836 2091 protentaque
853 2006 916 2072 tela
932 2009 1054 2072 leones:

257 2093 302 2156 sic
319 2093 375 2156 ubi
392 2115 425 2157 se
443 2092 544 2157 ventis
563 2092 731 2157 admiserat
747 2092 834 2156 unda
850 2093 976 2169 coortis,

256 2178 323 2241 ibat
338 2178 372 2241 in
389 2201 477 2242 arma
493 2177 568 2241 ratis
585 2178 747 2260 multoque
765 2187 832 2242 erat
848 2177 940 2243 altior
955 2178 1026 2242 illis.

255 2261 382 2347 iamque
399 2263 507 2327 labant
524 2263 629 2338 cunei,
648 2262 843 2348 spoliataque
860 2263 998 2349 tegmine
1017 2286 1108 2330 cerae

189 2367 238 2416 515
256 2348 335 2412 rima
351 2358 438 2432 patet
454 2348 646 2433 praebetque
664 2348 749 2412 viam
765 2349 910 2412 letalibus
927 2349 1031 2414 undis.

257 2454 330 2498 ecoe
347 2434 464 2498 cadunt
481 2433 561 2518 largi
578 2433 722 2499 resolutis
739 2433 878 2498 nubibus
895 2435 1025 2512 imbres:

255 2519 351 2601 inque
367 2519 483 2583 fretum
501 2518 610 2584 credas
627 2529 728 2583 totum
746 2519 936 2585 descendere
953 2521 1086 2596 eaelum,

255 2604 350 2687 inque
367 2604 478 2690 plagas
496 2605 575 2668 caeli
592 2605 799 2669 tumefactum
816 2606 985 2671 ascendere
1001 2618 1146 2690 pontum.

256 2691 327 2754 vela
343 2688 472 2754 madent
488 2689 618 2766 nimbis,
636 2700 667 2754 et
685 2711 757 2754 cum
775 2691 960 2755 caelestibus
978 2692 1072 2755 undis

189 2794 239 2844 555
256 2794 430 2857 aequoreae
447 2774 617 2840 miscentur
634 2797 744 2859 aquae.
788 2786 874 2840 caret
890 2776 1017 2861 ignibus
1035 2776 1154 2854 aether,

257 2880 413 2942 caecaque
429 2881 493 2926 nox
510 2861 814 2945 premiturltenebris
831 2861 1005 2946 hiemisque
1023 2863 1161 2944 suisque.

256 2945 428 3009 discutiunt
445 2955 551 3010 tamen
568 2945 625 3010 has
643 2946 858 3031 praebentque
875 2947 1023 3012 micantia
1040 2947 1148 3012 lumen

255 3029 406 3094 fulmina:
423 3030 582 3096 fulmineis
600 3032 768 3096 ardescunt
783 3031 911 3116 ignibus
928 3033 1041 3097 undae.

256 3115 311 3179 dat
327 3136 453 3199 quoque
469 3116 534 3180 iam
551 3117 648 3181 saltus
665 3117 749 3181 intra
765 3139 844 3182 cava
861 3129 947 3182 texta
965 3118 1089 3184 carinae

188 3223 238 3272 525
255 3202 378 3265 fluctus.
422 3211 453 3265 et
470 3211 506 3265 ut
522 3201 612 3266 miles
629 3224 760 3266 numero
777 3203 985 3287 praestantior
1003 3204 1098 3280 omni,

257 3308 329 3351 cum
346 3308 441 3372 saepe
458 3286 580 3351 assiluit
597 3286 745 3353 defensae
762 3288 926 3353 moenibus
943 3289 1041 3365 urbis,

256 3394 312 3457 spe
329 3372 447 3457 potitur
464 3372 591 3436 tandem
607 3373 772 3455 laudisque
790 3395 939 3438 accensus
957 3396 1064 3440 amore

255 3457 336 3522 inter
353 3457 437 3521 mille
454 3457 538 3522 viros
556 3480 681 3521 mururn
699 3469 804 3522 tamen
822 3470 957 3544 occupat
973 3483 1070 3524 unus:

256 3542 301 3607 sic
318 3541 374 3606 ubi
390 3542 554 3642 pulsarunt
571 3542 702 3606 noviens
719 3544 818 3608 latera
835 3544 934 3609 ardua
950 3546 1076 3622 fluctus,

188 3649 238 3701 555
255 3628 375 3692 vastius
391 3650 558 3713 msurgens
576 3628 716 3693 decimae
733 3629 796 3692 ruit
812 3629 947 3714 impetus
965 3631 1084 3695 undae:

255 3735 315 3779 neo
330 3712 417 3798 prius
436 3713 557 3779 absistit
574 3713 690 3778 fessam
708 3734 893 3798 oppugnare
911 3715 1059 3791 carinam,

256 3819 352 3882 quam
368 3799 455 3863 velut
471 3798 504 3861 in
521 3809 631 3883 captae
649 3798 819 3863 descendat
835 3800 959 3864 moenia
975 3801 1075 3865 navis.

255 3906 329 3970 pars
345 3882 442 3969 igitur
458 3884 632 3970 temptabat
649 3883 753 3948 adhuc
770 3885 918 3949 invadere
934 3885 1055 3971 pinum,

255 3992 329 4054 pars
345 3968 441 4032 maris
457 3968 541 4033 intus
559 3979 634 4034 erat.
679 3969 836 4052 trepidant
853 3970 938 4033 haud
956 3972 1053 4036 setius
1071 3994 1190 4050 omnes,

187 4075 238 4130 555
256 4076 352 4143 quam
369 4055 448 4121 solet
464 4055 554 4134 urbs,
573 4054 642 4120 aliis
660 4077 785 4119 murum
802 4054 995 4121 fodientibus
1013 4068 1102 4124 extra
