<?xml version="1.0" encoding="UTF-8"?>
<!DOCTYPE html PUBLIC "-//W3C//DTD XHTML 1.0 Transitional//EN"
    "http://www.w3.org/TR/xhtml1/DTD/xhtml1-transitional.dtd">
<html xmlns="http://www.w3.org/1999/xhtml" xml:lang="en" lang="en">
 <head>
  <title>
</title>
<meta http-equiv="Content-Type" content="text/html;charset=utf-8" />
  <meta name='ocr-system' content='tesseract 3.04.00' />
  <meta name='ocr-capabilities' content='ocr_page ocr_carea ocr_par ocr_line ocrx_word'/>
</head>
<body>
  <div class='ocr_page' id='page_1' title='image "./carmina03ovidgoog_0182.png"; bbox 0 0 2574 4478; ppageno 0'>
   <div class='ocr_carea' id='block_1_1' title="bbox 270 227 1119 300">
    <p class='ocr_par' dir='ltr' id='par_1_1' title="bbox 270 227 1119 300">
     <span class='ocr_line' id='line_1_1' title="bbox 270 227 1119 300; baseline -0.006 -1"><span class='ocrx_word' id='word_1_1' title='bbox 270 241 634 300; x_wconf 81' lang='lat' dir='ltr'><strong>METAMORPHOSEON</strong></span> <span class='ocrx_word' id='word_1_2' title='bbox 651 243 725 298; x_wconf 91' lang='lat' dir='ltr'><strong>LIB.</strong></span> <span class='ocrx_word' id='word_1_3' title='bbox 742 243 821 300; x_wconf 90' lang='lat' dir='ltr'><strong>VIII.</strong></span> <span class='ocrx_word' id='word_1_4' title='bbox 840 243 950 298; x_wconf 80' lang='lat' dir='ltr'>ro-et.</span> <span class='ocrx_word' id='word_1_5' title='bbox 1057 227 1119 294; x_wconf 77' lang='grc'>127</span> 
     </span>
    </p>
   </div>
   <div class='ocr_carea' id='block_1_2' title="bbox 94 365 1171 4118">
    <p class='ocr_par' dir='ltr' id='par_1_2' title="bbox 95 365 1171 2673">
     <span class='ocr_line' id='line_1_2' title="bbox 103 365 902 451; baseline -0.006 -16"><span class='ocrx_word' id='word_1_6' title='bbox 103 370 196 435; x_wconf 89' lang='lat' dir='ltr'>vellet</span> <span class='ocrx_word' id='word_1_7' title='bbox 215 368 292 434; x_wconf 88' lang='lat' dir='ltr'>emi:</span> <span class='ocrx_word' id='word_1_8' title='bbox 311 376 434 431; x_wconf 87' lang='lat' dir='ltr'>tantum</span> <span class='ocrx_word' id='word_1_9' title='bbox 451 365 568 451; x_wconf 89' lang='lat' dir='ltr'>patrias</span> <span class='ocrx_word' id='word_1_10' title='bbox 586 389 626 430; x_wconf 90' lang='lat' dir='ltr'>ne</span> <span class='ocrx_word' id='word_1_11' title='bbox 643 376 787 450; x_wconf 90' lang='lat' dir='ltr'>posceret</span> <span class='ocrx_word' id='word_1_12' title='bbox 805 388 902 431; x_wconf 88' lang='lat' dir='ltr'>arces.</span> 
     </span>
     <span class='ocr_line' id='line_1_3' title="bbox 101 452 1171 540; baseline 0.002 -21"><span class='ocrx_word' id='word_1_13' title='bbox 101 479 175 522; x_wconf 90' lang='lat' dir='ltr'>nam</span> <span class='ocrx_word' id='word_1_14' title='bbox 193 464 323 540; x_wconf 85' lang='lat' dir='ltr'>pereant</span> <span class='ocrx_word' id='word_1_15' title='bbox 340 452 445 537; x_wconf 91' lang='lat' dir='ltr'>potius</span> <span class='ocrx_word' id='word_1_16' title='bbox 463 464 588 537; x_wconf 90' lang='lat' dir='ltr'>sperata</span> <span class='ocrx_word' id='word_1_17' title='bbox 605 453 734 529; x_wconf 92' lang='lat' dir='ltr'>cubilia,</span> <span class='ocrx_word' id='word_1_18' title='bbox 753 474 848 534; x_wconf 92' lang='lat' dir='ltr'>quam</span> <span class='ocrx_word' id='word_1_19' title='bbox 865 453 925 516; x_wconf 91' lang='lat' dir='ltr'>sim</span> <span class='ocrx_word' id='word_1_20' title='bbox 1138 468 1171 522; x_wconf 76' lang='lat' dir='ltr'>tt</span> 
     </span>
     <span class='ocr_line' id='line_1_4' title="bbox 101 537 912 627; baseline -0.004 -22"><span class='ocrx_word' id='word_1_21' title='bbox 101 540 278 627; x_wconf 92' lang='lat' dir='ltr'>proditione</span> <span class='ocrx_word' id='word_1_22' title='bbox 295 549 417 623; x_wconf 90' lang='lat' dir='ltr'>potens.</span> <span class='ocrx_word' id='word_1_23' title='bbox 460 537 604 620; x_wconf 86' lang='lat' dir='ltr'>quamvis</span> <span class='ocrx_word' id='word_1_24' title='bbox 622 560 717 622; x_wconf 82' lang='lat' dir='ltr'>saepe</span> <span class='ocrx_word' id='word_1_25' title='bbox 734 537 811 602; x_wconf 90' lang='lat' dir='ltr'>utile</span> <span class='ocrx_word' id='word_1_26' title='bbox 829 537 912 602; x_wconf 92' lang='lat' dir='ltr'>vinci</span> 
     </span>
     <span class='ocr_line' id='line_1_5' title="bbox 100 622 769 709; baseline -0.006 -18"><span class='ocrx_word' id='word_1_27' title='bbox 100 625 228 691; x_wconf 89' lang='lat' dir='ltr'>victoris</span> <span class='ocrx_word' id='word_1_28' title='bbox 245 624 361 709; x_wconf 90' lang='lat' dir='ltr'>placidi</span> <span class='ocrx_word' id='word_1_29' title='bbox 378 622 454 688; x_wconf 85' lang='lat' dir='ltr'>fecit</span> <span class='ocrx_word' id='word_1_30' title='bbox 471 623 637 687; x_wconf 90' lang='lat' dir='ltr'>clementia</span> <span class='ocrx_word' id='word_1_31' title='bbox 654 622 769 687; x_wconf 82' lang='lat' dir='ltr'>multis.</span> 
     </span>
     <span class='ocr_line' id='line_1_6' title="bbox 101 709 834 796; baseline -0.004 -21"><span class='ocrx_word' id='word_1_32' title='bbox 101 711 185 776; x_wconf 87' lang='lat' dir='ltr'>iusta</span> <span class='ocrx_word' id='word_1_33' title='bbox 202 711 285 796; x_wconf 88' lang='lat' dir='ltr'>gerit</span> <span class='ocrx_word' id='word_1_34' title='bbox 302 720 386 774; x_wconf 88' lang='lat' dir='ltr'>certe</span> <span class='ocrx_word' id='word_1_35' title='bbox 403 729 461 793; x_wconf 91' lang='lat' dir='ltr'>pro</span> <span class='ocrx_word' id='word_1_36' title='bbox 479 720 553 772; x_wconf 90' lang='lat' dir='ltr'>nato</span> <span class='ocrx_word' id='word_1_37' title='bbox 572 709 654 773; x_wconf 89' lang='lat' dir='ltr'>bella</span> <span class='ocrx_word' id='word_1_38' title='bbox 670 720 834 792; x_wconf 91' lang='lat' dir='ltr'>perempto</span> 
     </span>
     <span class='ocr_line' id='line_1_7' title="bbox 101 794 942 878; baseline -0.004 -17"><span class='ocrx_word' id='word_1_39' title='bbox 101 808 131 861; x_wconf 90' lang='lat' dir='ltr'>et</span> <span class='ocrx_word' id='word_1_40' title='bbox 149 817 309 878; x_wconf 76' lang='lat' dir='ltr'>causaque</span> <span class='ocrx_word' id='word_1_41' title='bbox 326 794 411 858; x_wconf 86' lang='lat' dir='ltr'>valet</span> <span class='ocrx_word' id='word_1_42' title='bbox 429 814 620 876; x_wconf 83' lang='lat' dir='ltr'>causamque</span> <span class='ocrx_word' id='word_1_43' title='bbox 636 794 815 859; x_wconf 89' lang='lat' dir='ltr'>tenentibus</span> <span class='ocrx_word' id='word_1_44' title='bbox 833 794 942 858; x_wconf 75' lang='lat' dir='ltr'>armisr</span> 
     </span>
     <span class='ocr_line' id='line_1_8' title="bbox 101 877 966 966; baseline -0.005 -19"><span class='ocrx_word' id='word_1_45' title='bbox 101 893 145 958; x_wconf 92' lang='lat' dir='ltr'>et,</span> <span class='ocrx_word' id='word_1_46' title='bbox 164 890 252 966; x_wconf 89' lang='lat' dir='ltr'>puto,</span> <span class='ocrx_word' id='word_1_47' title='bbox 270 880 443 944; x_wconf 84' lang='lat' dir='ltr'>vincemur.</span> <span class='ocrx_word' id='word_1_48' title='bbox 486 877 541 961; x_wconf 93' lang='lat' dir='ltr'>qui</span> <span class='ocrx_word' id='word_1_49' title='bbox 559 878 586 943; x_wconf 90' lang='lat' dir='ltr'>si</span> <span class='ocrx_word' id='word_1_50' title='bbox 602 890 708 943; x_wconf 86' lang='lat' dir='ltr'>manet</span> <span class='ocrx_word' id='word_1_51' title='bbox 726 881 827 943; x_wconf 88' lang='lat' dir='ltr'>exitus</span> <span class='ocrx_word' id='word_1_52' title='bbox 845 880 966 956; x_wconf 91' lang='lat' dir='ltr'>urbem,</span> 
     </span>
     <span class='ocr_line' id='line_1_9' title="bbox 101 964 878 1046; baseline 0.001 -15"><span class='ocrx_word' id='word_1_53' title='bbox 101 989 157 1031; x_wconf 93' lang='lat' dir='ltr'>cur</span> <span class='ocrx_word' id='word_1_54' title='bbox 176 989 252 1031; x_wconf 86' lang='lat' dir='ltr'>suus</span> <span class='ocrx_word' id='word_1_55' title='bbox 270 965 349 1029; x_wconf 88' lang='lat' dir='ltr'>haec</span> <span class='ocrx_word' id='word_1_56' title='bbox 365 964 412 1027; x_wconf 90' lang='lat' dir='ltr'>illi</span> <span class='ocrx_word' id='word_1_57' title='bbox 428 966 579 1029; x_wconf 82' lang='lat' dir='ltr'>reserabit</span> <span class='ocrx_word' id='word_1_58' title='bbox 595 969 719 1032; x_wconf 88' lang='lat' dir='ltr'>moenia</span> <span class='ocrx_word' id='word_1_59' title='bbox 736 968 878 1046; x_wconf 88' lang='lat' dir='ltr'>Mavors,</span> 
     </span>
     <span class='ocr_line' id='line_1_10' title="bbox 101 1049 959 1132; baseline -0.002 -16"><span class='ocrx_word' id='word_1_60' title='bbox 101 1063 132 1116; x_wconf 94' lang='lat' dir='ltr'>et</span> <span class='ocrx_word' id='word_1_61' title='bbox 149 1073 214 1115; x_wconf 92' lang='lat' dir='ltr'>non</span> <span class='ocrx_word' id='word_1_62' title='bbox 231 1063 339 1115; x_wconf 90' lang='lat' dir='ltr'>noster</span> <span class='ocrx_word' id='word_1_63' title='bbox 355 1050 463 1113; x_wconf 81' lang='lat' dir='ltr'>amor?</span> <span class='ocrx_word' id='word_1_64' title='bbox 479 1049 592 1113; x_wconf 91' lang='lat' dir='ltr'>melius</span> <span class='ocrx_word' id='word_1_65' title='bbox 610 1049 678 1114; x_wconf 88' lang='lat' dir='ltr'>sine</span> <span class='ocrx_word' id='word_1_66' title='bbox 696 1050 791 1114; x_wconf 88' lang='lat' dir='ltr'>caede</span> <span class='ocrx_word' id='word_1_67' title='bbox 808 1070 959 1132; x_wconf 89' lang='lat' dir='ltr'>moraque</span> 
     </span>
     <span class='ocr_line' id='line_1_11' title="bbox 99 1134 817 1221; baseline -0.004 -20"><span class='ocrx_word' id='word_1_68' title='bbox 99 1138 307 1221; x_wconf 86' lang='lat' dir='ltr'>impensaque</span> <span class='ocrx_word' id='word_1_69' title='bbox 325 1135 374 1199; x_wconf 91' lang='lat' dir='ltr'>sui</span> <span class='ocrx_word' id='word_1_70' title='bbox 390 1135 505 1219; x_wconf 90' lang='lat' dir='ltr'>poterit</span> <span class='ocrx_word' id='word_1_71' title='bbox 522 1157 671 1219; x_wconf 90' lang='lat' dir='ltr'>superare</span> <span class='ocrx_word' id='word_1_72' title='bbox 689 1134 817 1199; x_wconf 84' lang='lat' dir='ltr'>cruoris.</span> 
     </span>
     <span class='ocr_line' id='line_1_12' title="bbox 98 1219 957 1303; baseline -0.001 -18"><span class='ocrx_word' id='word_1_73' title='bbox 98 1246 174 1285; x_wconf 88' lang='lat' dir='ltr'>nam</span> <span class='ocrx_word' id='word_1_74' title='bbox 191 1232 331 1286; x_wconf 90' lang='lat' dir='ltr'>metuam</span> <span class='ocrx_word' id='word_1_75' title='bbox 349 1231 448 1297; x_wconf 89' lang='lat' dir='ltr'>certe,</span> <span class='ocrx_word' id='word_1_76' title='bbox 466 1242 506 1284; x_wconf 94' lang='lat' dir='ltr'>ne</span> <span class='ocrx_word' id='word_1_77' title='bbox 524 1221 595 1303; x_wconf 91' lang='lat' dir='ltr'>quis</span> <span class='ocrx_word' id='word_1_78' title='bbox 613 1231 668 1284; x_wconf 90' lang='lat' dir='ltr'>tua</span> <span class='ocrx_word' id='word_1_79' title='bbox 686 1232 822 1303; x_wconf 80' lang='lat' dir='ltr'>pectora,</span> <span class='ocrx_word' id='word_1_80' title='bbox 839 1219 957 1297; x_wconf 92' lang='lat' dir='ltr'>Minos,</span> 
     </span>
     <span class='ocr_line' id='line_1_13' title="bbox 99 1305 1058 1390; baseline 0.001 -20"><span class='ocrx_word' id='word_1_81' title='bbox 99 1308 244 1371; x_wconf 89' lang='lat' dir='ltr'>vulneret</span> <span class='ocrx_word' id='word_1_82' title='bbox 260 1306 444 1390; x_wconf 88' lang='lat' dir='ltr'>imprudens</span> <span class='ocrx_word' id='word_1_83' title='bbox 460 1342 503 1352; x_wconf 93' lang='lat'><strong>—</strong></span> <span class='ocrx_word' id='word_1_84' title='bbox 519 1307 590 1388; x_wconf 92' lang='lat' dir='ltr'>quis</span> <span class='ocrx_word' id='word_1_85' title='bbox 609 1306 693 1371; x_wconf 93' lang='lat' dir='ltr'>enim</span> <span class='ocrx_word' id='word_1_86' title='bbox 710 1317 775 1369; x_wconf 91' lang='lat' dir='ltr'>tam</span> <span class='ocrx_word' id='word_1_87' title='bbox 794 1305 905 1382; x_wconf 91' lang='lat' dir='ltr'>durus,</span> <span class='ocrx_word' id='word_1_88' title='bbox 924 1317 959 1370; x_wconf 98' lang='lat' dir='ltr'>ut</span> <span class='ocrx_word' id='word_1_89' title='bbox 976 1305 1008 1370; x_wconf 96' lang='lat' dir='ltr'>in</span> <span class='ocrx_word' id='word_1_90' title='bbox 1026 1318 1058 1371; x_wconf 92' lang='lat' dir='ltr'>te</span> 
     </span>
     <span class='ocr_line' id='line_1_14' title="bbox 100 1391 916 1477; baseline 0 -22"><span class='ocrx_word' id='word_1_91' title='bbox 100 1392 236 1477; x_wconf 89' lang='lat' dir='ltr'>dirigere</span> <span class='ocrx_word' id='word_1_92' title='bbox 254 1391 407 1455; x_wconf 91' lang='lat' dir='ltr'>immitem</span> <span class='ocrx_word' id='word_1_93' title='bbox 424 1412 489 1454; x_wconf 90' lang='lat' dir='ltr'>non</span> <span class='ocrx_word' id='word_1_94' title='bbox 505 1391 623 1455; x_wconf 90' lang='lat' dir='ltr'>inscius</span> <span class='ocrx_word' id='word_1_95' title='bbox 641 1392 757 1456; x_wconf 83' lang='lat' dir='ltr'>audeat</span> <span class='ocrx_word' id='word_1_96' title='bbox 774 1391 916 1455; x_wconf 84' lang='lat' dir='ltr'>hastam?</span> 
     </span>
     <span class='ocr_line' id='line_1_15' title="bbox 99 1476 967 1562; baseline -0.001 -21"><span class='ocrx_word' id='word_1_97' title='bbox 99 1488 213 1562; x_wconf 89' lang='lat' dir='ltr'>coepta</span> <span class='ocrx_word' id='word_1_98' title='bbox 229 1477 368 1562; x_wconf 85' lang='lat' dir='ltr'>placent3</span> <span class='ocrx_word' id='word_1_99' title='bbox 387 1487 418 1540; x_wconf 90' lang='lat' dir='ltr'>et</span> <span class='ocrx_word' id='word_1_100' title='bbox 435 1486 497 1540; x_wconf 90' lang='lat' dir='ltr'>stat</span> <span class='ocrx_word' id='word_1_101' title='bbox 514 1477 683 1553; x_wconf 89' lang='lat' dir='ltr'>sententia,</span> <span class='ocrx_word' id='word_1_102' title='bbox 701 1476 824 1541; x_wconf 88' lang='lat' dir='ltr'>tradere</span> <span class='ocrx_word' id='word_1_103' title='bbox 841 1500 967 1542; x_wconf 91' lang='lat' dir='ltr'>mecum</span> 
     </span>
     <span class='ocr_line' id='line_1_16' title="bbox 99 1561 867 1646; baseline 0 -21"><span class='ocrx_word' id='word_1_104' title='bbox 99 1563 238 1627; x_wconf 86' lang='lat' dir='ltr'>dotalem</span> <span class='ocrx_word' id='word_1_105' title='bbox 255 1562 402 1645; x_wconf 88' lang='lat' dir='ltr'>patriam,</span> <span class='ocrx_word' id='word_1_106' title='bbox 420 1561 578 1644; x_wconf 90' lang='lat' dir='ltr'>finemque</span> <span class='ocrx_word' id='word_1_107' title='bbox 595 1563 757 1646; x_wconf 89' lang='lat' dir='ltr'>imponere</span> <span class='ocrx_word' id='word_1_108' title='bbox 774 1562 867 1626; x_wconf 87' lang='lat' dir='ltr'>bello.</span> 
     </span>
     <span class='ocr_line' id='line_1_17' title="bbox 98 1646 956 1731; baseline 0.002 -19"><span class='ocrx_word' id='word_1_109' title='bbox 98 1669 211 1712; x_wconf 86' lang='lat' dir='ltr'>verum</span> <span class='ocrx_word' id='word_1_110' title='bbox 228 1648 309 1711; x_wconf 90' lang='lat' dir='ltr'>velle</span> <span class='ocrx_word' id='word_1_111' title='bbox 326 1669 438 1731; x_wconf 90' lang='lat' dir='ltr'>parum</span> <span class='ocrx_word' id='word_1_112' title='bbox 456 1658 513 1711; x_wconf 90' lang='lat' dir='ltr'>est.</span> <span class='ocrx_word' id='word_1_113' title='bbox 557 1646 661 1711; x_wconf 87' lang='lat' dir='ltr'>aditus</span> <span class='ocrx_word' id='word_1_114' title='bbox 679 1648 822 1712; x_wconf 90' lang='lat' dir='ltr'>custodia</span> <span class='ocrx_word' id='word_1_115' title='bbox 839 1660 956 1727; x_wconf 86' lang='lat' dir='ltr'>servat3</span> 
     </span>
     <span class='ocr_line' id='line_1_18' title="bbox 97 1733 1055 1820; baseline 0.002 -23"><span class='ocrx_word' id='word_1_116' title='bbox 97 1733 297 1815; x_wconf 88' lang='lat' dir='ltr'>claustraque</span> <span class='ocrx_word' id='word_1_117' title='bbox 314 1743 476 1817; x_wconf 89' lang='lat' dir='ltr'>portarum</span> <span class='ocrx_word' id='word_1_118' title='bbox 492 1733 616 1817; x_wconf 88' lang='lat' dir='ltr'>genitor</span> <span class='ocrx_word' id='word_1_119' title='bbox 634 1744 728 1798; x_wconf 90' lang='lat' dir='ltr'>tenet.</span> <span class='ocrx_word' id='word_1_120' title='bbox 771 1733 856 1797; x_wconf 92' lang='lat' dir='ltr'>hunc</span> <span class='ocrx_word' id='word_1_121' title='bbox 874 1757 934 1820; x_wconf 87' lang='lat' dir='ltr'>ego</span> <span class='ocrx_word' id='word_1_122' title='bbox 953 1736 1055 1800; x_wconf 91' lang='lat' dir='ltr'>solum</span> 
     </span>
     <span class='ocr_line' id='line_1_19' title="bbox 97 1818 783 1893; baseline 0 -11"><span class='ocrx_word' id='word_1_123' title='bbox 97 1818 210 1883; x_wconf 86' lang='lat' dir='ltr'>infelix</span> <span class='ocrx_word' id='word_1_124' title='bbox 228 1818 333 1893; x_wconf 91' lang='lat' dir='ltr'>timeo,</span> <span class='ocrx_word' id='word_1_125' title='bbox 352 1818 437 1882; x_wconf 89' lang='lat' dir='ltr'>solus</span> <span class='ocrx_word' id='word_1_126' title='bbox 455 1840 526 1882; x_wconf 88' lang='lat' dir='ltr'>mea</span> <span class='ocrx_word' id='word_1_127' title='bbox 543 1829 616 1882; x_wconf 90' lang='lat' dir='ltr'>vota</span> <span class='ocrx_word' id='word_1_128' title='bbox 633 1831 783 1883; x_wconf 90' lang='lat' dir='ltr'>moratur.</span> 
     </span>
     <span class='ocr_line' id='line_1_20' title="bbox 96 1903 1036 1990; baseline 0.005 -23"><span class='ocrx_word' id='word_1_129' title='bbox 96 1905 130 1967; x_wconf 90' lang='lat' dir='ltr'>di</span> <span class='ocrx_word' id='word_1_130' title='bbox 147 1904 304 1980; x_wconf 84' lang='lat' dir='ltr'>facerent,</span> <span class='ocrx_word' id='word_1_131' title='bbox 323 1903 390 1968; x_wconf 92' lang='lat' dir='ltr'>sine</span> <span class='ocrx_word' id='word_1_132' title='bbox 407 1914 497 1988; x_wconf 88' lang='lat' dir='ltr'>patre</span> <span class='ocrx_word' id='word_1_133' title='bbox 515 1903 630 1968; x_wconf 86' lang='lat' dir='ltr'>foreml</span> <span class='ocrx_word' id='word_1_134' title='bbox 667 1904 728 1968; x_wconf 90' lang='lat' dir='ltr'>sibi</span> <span class='ocrx_word' id='word_1_135' title='bbox 744 1905 877 1988; x_wconf 89' lang='lat' dir='ltr'>quisque</span> <span class='ocrx_word' id='word_1_136' title='bbox 894 1906 1036 1990; x_wconf 84' lang='lat' dir='ltr'>profecto</span> 
     </span>
     <span class='ocr_line' id='line_1_21' title="bbox 97 1988 905 2076; baseline 0.002 -23"><span class='ocrx_word' id='word_1_137' title='bbox 97 2000 146 2053; x_wconf 89' lang='lat' dir='ltr'>est</span> <span class='ocrx_word' id='word_1_138' title='bbox 165 1989 257 2054; x_wconf 86' lang='lat' dir='ltr'>deus:</span> <span class='ocrx_word' id='word_1_139' title='bbox 275 1988 399 2073; x_wconf 88' lang='lat' dir='ltr'>ignavis</span> <span class='ocrx_word' id='word_1_140' title='bbox 416 1989 563 2074; x_wconf 91' lang='lat' dir='ltr'>precibus</span> <span class='ocrx_word' id='word_1_141' title='bbox 580 1989 723 2054; x_wconf 87' lang='lat' dir='ltr'>Fortuna</span> <span class='ocrx_word' id='word_1_142' title='bbox 740 2003 905 2076; x_wconf 87' lang='lat' dir='ltr'>repugnat.</span> 
     </span>
     <span class='ocr_line' id='line_1_22' title="bbox 96 2074 837 2158; baseline 0.001 -20"><span class='ocrx_word' id='word_1_143' title='bbox 96 2076 198 2138; x_wconf 91' lang='lat' dir='ltr'>altera</span> <span class='ocrx_word' id='word_1_144' title='bbox 214 2074 399 2138; x_wconf 87' lang='lat' dir='ltr'>iamdudum</span> <span class='ocrx_word' id='word_1_145' title='bbox 416 2096 567 2139; x_wconf 89' lang='lat' dir='ltr'>succensa</span> <span class='ocrx_word' id='word_1_146' title='bbox 585 2075 732 2158; x_wconf 91' lang='lat' dir='ltr'>cupidine</span> <span class='ocrx_word' id='word_1_147' title='bbox 750 2087 837 2139; x_wconf 91' lang='lat' dir='ltr'>tanto</span> 
     </span>
     <span class='ocr_line' id='line_1_23' title="bbox 96 2159 934 2245; baseline 0 -20"><span class='ocrx_word' id='word_1_148' title='bbox 96 2160 230 2245; x_wconf 90' lang='lat' dir='ltr'>perdere</span> <span class='ocrx_word' id='word_1_149' title='bbox 247 2159 413 2243; x_wconf 87' lang='lat' dir='ltr'>gauderet,</span> <span class='ocrx_word' id='word_1_150' title='bbox 431 2160 653 2242; x_wconf 92' lang='lat' dir='ltr'>quodcumque</span> <span class='ocrx_word' id='word_1_151' title='bbox 671 2161 809 2225; x_wconf 88' lang='lat' dir='ltr'>obstaret</span> <span class='ocrx_word' id='word_1_152' title='bbox 826 2163 934 2225; x_wconf 87' lang='lat' dir='ltr'>amori.</span> 
     </span>
     <span class='ocr_line' id='line_1_24' title="bbox 96 2245 841 2330; baseline -0.004 -20"><span class='ocrx_word' id='word_1_153' title='bbox 96 2256 129 2310; x_wconf 90' lang='lat' dir='ltr'>et</span> <span class='ocrx_word' id='word_1_154' title='bbox 147 2268 205 2310; x_wconf 91' lang='lat' dir='ltr'>cur</span> <span class='ocrx_word' id='word_1_155' title='bbox 222 2246 286 2308; x_wconf 91' lang='lat' dir='ltr'>ulla</span> <span class='ocrx_word' id='word_1_156' title='bbox 303 2245 384 2309; x_wconf 85' lang='lat' dir='ltr'>foret</span> <span class='ocrx_word' id='word_1_157' title='bbox 401 2267 452 2309; x_wconf 92' lang='lat' dir='ltr'>me</span> <span class='ocrx_word' id='word_1_158' title='bbox 469 2245 598 2312; x_wconf 82' lang='lat' dir='ltr'>fortior?</span> <span class='ocrx_word' id='word_1_159' title='bbox 615 2246 660 2310; x_wconf 91' lang='lat' dir='ltr'>ire</span> <span class='ocrx_word' id='word_1_160' title='bbox 677 2268 735 2330; x_wconf 91' lang='lat' dir='ltr'>per</span> <span class='ocrx_word' id='word_1_161' title='bbox 751 2247 841 2330; x_wconf 90' lang='lat' dir='ltr'>ignes</span> 
     </span>
     <span class='ocr_line' id='line_1_25' title="bbox 96 2328 971 2416; baseline 0.001 -21"><span class='ocrx_word' id='word_1_162' title='bbox 96 2342 129 2396; x_wconf 88' lang='lat' dir='ltr'>et</span> <span class='ocrx_word' id='word_1_163' title='bbox 146 2330 270 2416; x_wconf 87' lang='lat' dir='ltr'>gladios</span> <span class='ocrx_word' id='word_1_164' title='bbox 287 2328 402 2393; x_wconf 80' lang='lat' dir='ltr'>ausiml</span> <span class='ocrx_word' id='word_1_165' title='bbox 428 2330 538 2394; x_wconf 89' lang='lat' dir='ltr'>necin</span> <span class='ocrx_word' id='word_1_166' title='bbox 555 2330 615 2394; x_wconf 92' lang='lat' dir='ltr'>hoc</span> <span class='ocrx_word' id='word_1_167' title='bbox 633 2342 738 2394; x_wconf 90' lang='lat' dir='ltr'>tamen</span> <span class='ocrx_word' id='word_1_168' title='bbox 755 2329 882 2414; x_wconf 84' lang='lat' dir='ltr'>ignibus</span> <span class='ocrx_word' id='word_1_169' title='bbox 900 2332 971 2396; x_wconf 89' lang='lat' dir='ltr'>ullis</span> 
     </span>
     <span class='ocr_line' id='line_1_26' title="bbox 96 2415 980 2500; baseline 0.002 -20"><span class='ocrx_word' id='word_1_170' title='bbox 96 2427 153 2480; x_wconf 88' lang='lat' dir='ltr'>aut</span> <span class='ocrx_word' id='word_1_171' title='bbox 170 2415 284 2500; x_wconf 87' lang='lat' dir='ltr'>gladiis</span> <span class='ocrx_word' id='word_1_172' title='bbox 302 2437 382 2500; x_wconf 90' lang='lat' dir='ltr'>opus</span> <span class='ocrx_word' id='word_1_173' title='bbox 400 2425 462 2492; x_wconf 84' lang='lat' dir='ltr'>est3</span> <span class='ocrx_word' id='word_1_174' title='bbox 480 2437 559 2500; x_wconf 91' lang='lat' dir='ltr'>opus</span> <span class='ocrx_word' id='word_1_175' title='bbox 578 2426 626 2481; x_wconf 89' lang='lat' dir='ltr'>est</span> <span class='ocrx_word' id='word_1_176' title='bbox 642 2416 720 2479; x_wconf 91' lang='lat' dir='ltr'>mihi</span> <span class='ocrx_word' id='word_1_177' title='bbox 738 2416 822 2480; x_wconf 89' lang='lat' dir='ltr'>crine</span> <span class='ocrx_word' id='word_1_178' title='bbox 839 2427 980 2500; x_wconf 88' lang='lat' dir='ltr'>patemo.</span> 
     </span>
     <span class='ocr_line' id='line_1_27' title="bbox 95 2500 812 2585; baseline -0.001 -20"><span class='ocrx_word' id='word_1_179' title='bbox 95 2502 151 2565; x_wconf 89' lang='lat' dir='ltr'>illa</span> <span class='ocrx_word' id='word_1_180' title='bbox 169 2500 246 2563; x_wconf 92' lang='lat' dir='ltr'>mihi</span> <span class='ocrx_word' id='word_1_181' title='bbox 264 2511 312 2564; x_wconf 93' lang='lat' dir='ltr'>est</span> <span class='ocrx_word' id='word_1_182' title='bbox 329 2521 406 2564; x_wconf 87' lang='lat' dir='ltr'>auro</span> <span class='ocrx_word' id='word_1_183' title='bbox 422 2501 596 2585; x_wconf 87' lang='lat' dir='ltr'>pretiosior,</span> <span class='ocrx_word' id='word_1_184' title='bbox 614 2501 669 2565; x_wconf 90' lang='lat' dir='ltr'>illa</span> <span class='ocrx_word' id='word_1_185' title='bbox 685 2501 812 2566; x_wconf 88' lang='lat' dir='ltr'>beatam</span> 
     </span>
     <span class='ocr_line' id='line_1_28' title="bbox 95 2585 856 2673; baseline -0.001 -23"><span class='ocrx_word' id='word_1_186' title='bbox 95 2608 239 2673; x_wconf 88' lang='lat' dir='ltr'>purpura</span> <span class='ocrx_word' id='word_1_187' title='bbox 256 2607 307 2649; x_wconf 92' lang='lat' dir='ltr'>me</span> <span class='ocrx_word' id='word_1_188' title='bbox 325 2585 451 2668; x_wconf 88' lang='lat' dir='ltr'>votique</span> <span class='ocrx_word' id='word_1_189' title='bbox 469 2587 531 2650; x_wconf 89' lang='lat' dir='ltr'>mei</span> <span class='ocrx_word' id='word_1_190' title='bbox 548 2586 671 2651; x_wconf 86' lang='lat' dir='ltr'>factura</span> <span class='ocrx_word' id='word_1_191' title='bbox 688 2597 856 2671; x_wconf 82' lang='lat' dir='ltr'>potentem.</span> 
     </span>
    </p>

    <p class='ocr_par' dir='ltr' id='par_1_3' title="bbox 94 2670 1168 4118">
     <span class='ocr_line' id='line_1_29' title="bbox 138 2670 808 2736; baseline 0.003 -2"><span class='ocrx_word' id='word_1_192' title='bbox 138 2671 232 2735; x_wconf 81' lang='lat' dir='ltr'>Talia</span> <span class='ocrx_word' id='word_1_193' title='bbox 249 2670 365 2735; x_wconf 90' lang='lat' dir='ltr'>dicenti</span> <span class='ocrx_word' id='word_1_194' title='bbox 383 2692 528 2735; x_wconf 89' lang='lat' dir='ltr'>curarum</span> <span class='ocrx_word' id='word_1_195' title='bbox 545 2672 685 2736; x_wconf 87' lang='lat' dir='ltr'>maxima</span> <span class='ocrx_word' id='word_1_196' title='bbox 701 2673 808 2736; x_wconf 86' lang='lat' dir='ltr'>nutrix</span> 
     </span>
     <span class='ocr_line' id='line_1_30' title="bbox 94 2757 852 2840; baseline 0.003 -20"><span class='ocrx_word' id='word_1_197' title='bbox 94 2778 161 2821; x_wconf 88' lang='lat' dir='ltr'>nox</span> <span class='ocrx_word' id='word_1_198' title='bbox 179 2757 360 2832; x_wconf 89' lang='lat' dir='ltr'>intervenit,</span> <span class='ocrx_word' id='word_1_199' title='bbox 377 2757 577 2840; x_wconf 89' lang='lat' dir='ltr'>tenebrisque</span> <span class='ocrx_word' id='word_1_200' title='bbox 595 2758 727 2822; x_wconf 87' lang='lat' dir='ltr'>audacia</span> <span class='ocrx_word' id='word_1_201' title='bbox 745 2758 852 2822; x_wconf 87' lang='lat' dir='ltr'>crevit.</span> 
     </span>
     <span class='ocr_line' id='line_1_31' title="bbox 94 2842 865 2928; baseline 0.001 -23"><span class='ocrx_word' id='word_1_202' title='bbox 94 2843 199 2928; x_wconf 86' lang='lat' dir='ltr'>prima</span> <span class='ocrx_word' id='word_1_203' title='bbox 217 2842 306 2924; x_wconf 94' lang='lat' dir='ltr'>quies</span> <span class='ocrx_word' id='word_1_204' title='bbox 324 2842 446 2916; x_wconf 88' lang='lat' dir='ltr'>aderat,</span> <span class='ocrx_word' id='word_1_205' title='bbox 465 2863 528 2925; x_wconf 90' lang='lat' dir='ltr'>qua</span> <span class='ocrx_word' id='word_1_206' title='bbox 546 2844 627 2907; x_wconf 90' lang='lat' dir='ltr'>curis</span> <span class='ocrx_word' id='word_1_207' title='bbox 644 2844 728 2907; x_wconf 85' lang='lat' dir='ltr'>fessa</span> <span class='ocrx_word' id='word_1_208' title='bbox 745 2843 865 2906; x_wconf 89' lang='lat' dir='ltr'>diurnis</span> 
     </span>
     <span class='ocr_line' id='line_1_32' title="bbox 95 2927 1029 3014; baseline 0.005 -23"><span class='ocrx_word' id='word_1_209' title='bbox 95 2938 226 3012; x_wconf 89' lang='lat' dir='ltr'>pectora</span> <span class='ocrx_word' id='word_1_210' title='bbox 243 2949 371 2991; x_wconf 88' lang='lat' dir='ltr'>somnus</span> <span class='ocrx_word' id='word_1_211' title='bbox 389 2927 494 2992; x_wconf 86' lang='lat' dir='ltr'>habet.</span> <span class='ocrx_word' id='word_1_212' title='bbox 539 2927 692 2992; x_wconf 87' lang='lat' dir='ltr'>thalamos</span> <span class='ocrx_word' id='word_1_213' title='bbox 710 2929 866 2993; x_wconf 85' lang='lat' dir='ltr'>taciturna</span> <span class='ocrx_word' id='word_1_214' title='bbox 883 2940 1029 3014; x_wconf 87' lang='lat' dir='ltr'>paternos</span> 
     </span>
     <span class='ocr_line' id='line_1_33' title="bbox 94 3010 874 3097; baseline 0.005 -23"><span class='ocrx_word' id='word_1_215' title='bbox 94 3012 206 3088; x_wconf 89' lang='lat' dir='ltr'>intrat,</span> <span class='ocrx_word' id='word_1_216' title='bbox 225 3022 256 3076; x_wconf 92' lang='lat' dir='ltr'>et</span> <span class='ocrx_word' id='word_1_217' title='bbox 272 3011 335 3076; x_wconf 91' lang='lat' dir='ltr'>heu</span> <span class='ocrx_word' id='word_1_218' title='bbox 352 3011 488 3076; x_wconf 85' lang='lat' dir='ltr'>facinusl</span> <span class='ocrx_word' id='word_1_219' title='bbox 516 3010 603 3076; x_wconf 88' lang='lat' dir='ltr'>fatali</span> <span class='ocrx_word' id='word_1_220' title='bbox 620 3025 695 3077; x_wconf 88' lang='lat' dir='ltr'>nata</span> <span class='ocrx_word' id='word_1_221' title='bbox 711 3025 874 3097; x_wconf 89' lang='lat' dir='ltr'>parentem</span> 
     </span>
     <span class='ocr_line' id='line_1_34' title="bbox 96 3097 908 3183; baseline 0.002 -21"><span class='ocrx_word' id='word_1_222' title='bbox 96 3098 183 3162; x_wconf 90' lang='lat' dir='ltr'>crine</span> <span class='ocrx_word' id='word_1_223' title='bbox 201 3119 294 3160; x_wconf 90' lang='lat' dir='ltr'>suum</span> <span class='ocrx_word' id='word_1_224' title='bbox 312 3098 438 3182; x_wconf 91' lang='lat' dir='ltr'>spoliat,</span> <span class='ocrx_word' id='word_1_225' title='bbox 455 3097 636 3182; x_wconf 89' lang='lat' dir='ltr'>praedaque</span> <span class='ocrx_word' id='word_1_226' title='bbox 653 3100 754 3183; x_wconf 87' lang='lat' dir='ltr'>potita</span> <span class='ocrx_word' id='word_1_227' title='bbox 770 3101 908 3164; x_wconf 85' lang='lat' dir='ltr'>nefanda</span> 
     </span>
     <span class='ocr_line' id='line_1_35' title="bbox 97 3181 980 3272; baseline 0.001 -24"><span class='ocrx_word' id='word_1_228' title='bbox 97 3183 175 3270; x_wconf 87' lang='lat' dir='ltr'>[fert</span> <span class='ocrx_word' id='word_1_229' title='bbox 196 3208 304 3249; x_wconf 93' lang='lat' dir='ltr'>secum</span> <span class='ocrx_word' id='word_1_230' title='bbox 322 3188 457 3270; x_wconf 91' lang='lat' dir='ltr'>spolium</span> <span class='ocrx_word' id='word_1_231' title='bbox 476 3187 612 3262; x_wconf 89' lang='lat' dir='ltr'>sceleris,</span> <span class='ocrx_word' id='word_1_232' title='bbox 630 3208 860 3272; x_wconf 81' lang='lat' dir='ltr'>progressaque</span> <span class='ocrx_word' id='word_1_233' title='bbox 877 3181 980 3271; x_wconf 87' lang='lat' dir='ltr'>porta]</span> 
     </span>
     <span class='ocr_line' id='line_1_36' title="bbox 98 3270 960 3358; baseline -0.007 -20"><span class='ocrx_word' id='word_1_234' title='bbox 98 3295 157 3358; x_wconf 89' lang='lat' dir='ltr'>per</span> <span class='ocrx_word' id='word_1_235' title='bbox 173 3271 294 3336; x_wconf 89' lang='lat' dir='ltr'>medios</span> <span class='ocrx_word' id='word_1_236' title='bbox 312 3270 478 3335; x_wconf 90' lang='lat' dir='ltr'>hostes-</span> <span class='ocrx_word' id='word_1_237' title='bbox 494 3271 597 3335; x_wconf 91' lang='lat' dir='ltr'>meriti</span> <span class='ocrx_word' id='word_1_238' title='bbox 614 3270 730 3334; x_wconf 90' lang='lat' dir='ltr'>fiducia</span> <span class='ocrx_word' id='word_1_239' title='bbox 747 3280 835 3334; x_wconf 89' lang='lat' dir='ltr'>tanta</span> <span class='ocrx_word' id='word_1_240' title='bbox 853 3281 900 3333; x_wconf 89' lang='lat' dir='ltr'>est</span> <span class='ocrx_word' id='word_1_241' title='bbox 916 3305 960 3315; x_wconf 93' lang='lat'>—</span> 
     </span>
     <span class='ocr_line' id='line_1_37' title="bbox 98 3355 1014 3443; baseline -0.003 -21"><span class='ocrx_word' id='word_1_242' title='bbox 98 3357 244 3443; x_wconf 88' lang='lat' dir='ltr'>pervenit</span> <span class='ocrx_word' id='word_1_243' title='bbox 262 3356 302 3420; x_wconf 89' lang='lat' dir='ltr'>ad</span> <span class='ocrx_word' id='word_1_244' title='bbox 320 3378 438 3440; x_wconf 89' lang='lat' dir='ltr'>regem.</span> <span class='ocrx_word' id='word_1_245' title='bbox 469 3377 564 3439; x_wconf 91' lang='lat' dir='ltr'>quem</span> <span class='ocrx_word' id='word_1_246' title='bbox 581 3355 625 3420; x_wconf 91' lang='lat' dir='ltr'>sic</span> <span class='ocrx_word' id='word_1_247' title='bbox 643 3356 752 3419; x_wconf 86' lang='lat' dir='ltr'>adfata</span> <span class='ocrx_word' id='word_1_248' title='bbox 768 3365 935 3440; x_wconf 87' lang='lat' dir='ltr'>paventem</span> <span class='ocrx_word' id='word_1_249' title='bbox 953 3365 1014 3419; x_wconf 88' lang='lat' dir='ltr'>est:</span> 
     </span>
     <span class='ocr_line' id='line_1_38' title="bbox 98 3440 1168 3526; baseline 0.002 -20"><span class='ocrx_word' id='word_1_250' title='bbox 98 3443 215 3506; x_wconf 90' lang='lat' dir='ltr'>‘suasit</span> <span class='ocrx_word' id='word_1_251' title='bbox 232 3462 319 3505; x_wconf 92' lang='lat' dir='ltr'>amor</span> <span class='ocrx_word' id='word_1_252' title='bbox 335 3441 468 3505; x_wconf 87' lang='lat' dir='ltr'>facinus.</span> <span class='ocrx_word' id='word_1_253' title='bbox 511 3442 615 3525; x_wconf 91' lang='lat' dir='ltr'>proles</span> <span class='ocrx_word' id='word_1_254' title='bbox 633 3463 693 3526; x_wconf 90' lang='lat' dir='ltr'>ego</span> <span class='ocrx_word' id='word_1_255' title='bbox 710 3441 798 3525; x_wconf 86' lang='lat' dir='ltr'>regia</span> <span class='ocrx_word' id='word_1_256' title='bbox 815 3440 884 3504; x_wconf 91' lang='lat' dir='ltr'>Nisi</span> <span class='ocrx_word' id='word_1_257' title='bbox 1136 3459 1168 3509; x_wconf 84' lang='lat'>90</span> 
     </span>
     <span class='ocr_line' id='line_1_39' title="bbox 99 3525 922 3612; baseline -0.007 -18"><span class='ocrx_word' id='word_1_258' title='bbox 99 3527 210 3612; x_wconf 90' lang='lat' dir='ltr'>Scylla</span> <span class='ocrx_word' id='word_1_259' title='bbox 227 3526 283 3590; x_wconf 87' lang='lat' dir='ltr'>tibi</span> <span class='ocrx_word' id='word_1_260' title='bbox 300 3526 390 3590; x_wconf 87' lang='lat' dir='ltr'>trado</span> <span class='ocrx_word' id='word_1_261' title='bbox 407 3525 590 3610; x_wconf 86' lang='lat' dir='ltr'>patriaeque</span> <span class='ocrx_word' id='word_1_262' title='bbox 606 3547 758 3609; x_wconf 89' lang='lat' dir='ltr'>meosque</span> <span class='ocrx_word' id='word_1_263' title='bbox 774 3526 922 3590; x_wconf 85' lang='lat' dir='ltr'>Penates.</span> 
     </span>
     <span class='ocr_line' id='line_1_40' title="bbox 97 3609 969 3700; baseline -0.008 -21"><span class='ocrx_word' id='word_1_264' title='bbox 97 3613 240 3700; x_wconf 88' lang='lat' dir='ltr'>praemia</span> <span class='ocrx_word' id='word_1_265' title='bbox 257 3611 344 3674; x_wconf 89' lang='lat' dir='ltr'>nulla</span> <span class='ocrx_word' id='word_1_266' title='bbox 359 3622 448 3696; x_wconf 92' lang='lat' dir='ltr'>peto,</span> <span class='ocrx_word' id='word_1_267' title='bbox 465 3611 525 3674; x_wconf 90' lang='lat' dir='ltr'>nisi</span> <span class='ocrx_word' id='word_1_268' title='bbox 543 3623 582 3675; x_wconf 81' lang='lat' dir='ltr'>te.</span> <span class='ocrx_word' id='word_1_269' title='bbox 627 3633 704 3696; x_wconf 89' lang='lat' dir='ltr'>cape</span> <span class='ocrx_word' id='word_1_270' title='bbox 721 3612 837 3695; x_wconf 90' lang='lat' dir='ltr'>pignus</span> <span class='ocrx_word' id='word_1_271' title='bbox 855 3609 969 3674; x_wconf 90' lang='lat' dir='ltr'>amoris</span> 
     </span>
     <span class='ocr_line' id='line_1_41' title="bbox 97 3695 993 3785; baseline -0.008 -21"><span class='ocrx_word' id='word_1_272' title='bbox 97 3719 294 3785; x_wconf 90' lang='lat' dir='ltr'>purpureum</span> <span class='ocrx_word' id='word_1_273' title='bbox 311 3696 438 3761; x_wconf 89' lang='lat' dir='ltr'>crinem.</span> <span class='ocrx_word' id='word_1_274' title='bbox 480 3718 539 3760; x_wconf 91' lang='lat' dir='ltr'>nec</span> <span class='ocrx_word' id='word_1_275' title='bbox 555 3718 606 3761; x_wconf 93' lang='lat' dir='ltr'>me</span> <span class='ocrx_word' id='word_1_276' title='bbox 624 3718 708 3760; x_wconf 89' lang='lat' dir='ltr'>nunc</span> <span class='ocrx_word' id='word_1_277' title='bbox 725 3696 847 3760; x_wconf 86' lang='lat' dir='ltr'>tradere</span> <span class='ocrx_word' id='word_1_278' title='bbox 865 3695 993 3771; x_wconf 89' lang='lat' dir='ltr'>crinem,</span> 
     </span>
     <span class='ocr_line' id='line_1_42' title="bbox 98 3781 989 3868; baseline -0.008 -18"><span class='ocrx_word' id='word_1_279' title='bbox 98 3786 153 3850; x_wconf 91' lang='lat' dir='ltr'>sed</span> <span class='ocrx_word' id='word_1_280' title='bbox 171 3781 311 3868; x_wconf 88' lang='lat' dir='ltr'>patrium</span> <span class='ocrx_word' id='word_1_281' title='bbox 328 3781 385 3846; x_wconf 92' lang='lat' dir='ltr'>tibi</span> <span class='ocrx_word' id='word_1_282' title='bbox 404 3782 495 3846; x_wconf 89' lang='lat' dir='ltr'>crede</span> <span class='ocrx_word' id='word_1_283' title='bbox 514 3782 627 3866; x_wconf 89' lang='lat' dir='ltr'>caput,’</span> <span class='ocrx_word' id='word_1_284' title='bbox 647 3783 860 3864; x_wconf 88' lang='lat' dir='ltr'>scelerataque</span> <span class='ocrx_word' id='word_1_285' title='bbox 878 3781 989 3844; x_wconf 82' lang='lat' dir='ltr'>dextra</span> 
     </span>
     <span class='ocr_line' id='line_1_43' title="bbox 96 3867 1166 3951; baseline -0.006 -17"><span class='ocrx_word' id='word_1_286' title='bbox 96 3891 231 3934; x_wconf 90' lang='lat' dir='ltr'>munera</span> <span class='ocrx_word' id='word_1_287' title='bbox 248 3867 397 3951; x_wconf 83' lang='lat' dir='ltr'>porrexit.</span> <span class='ocrx_word' id='word_1_288' title='bbox 426 3867 535 3930; x_wconf 93' lang='lat' dir='ltr'>Minos</span> <span class='ocrx_word' id='word_1_289' title='bbox 553 3880 697 3951; x_wconf 90' lang='lat' dir='ltr'>porrecta</span> <span class='ocrx_word' id='word_1_290' title='bbox 713 3867 840 3951; x_wconf 83' lang='lat' dir='ltr'>refugit,</span> <span class='ocrx_word' id='word_1_291' title='bbox 1135 3885 1166 3936; x_wconf 74' lang='lat'>95</span> 
     </span>
     <span class='ocr_line' id='line_1_44' title="bbox 94 3951 836 4038; baseline -0.007 -19"><span class='ocrx_word' id='word_1_292' title='bbox 94 3955 306 4035; x_wconf 88' lang='lat' dir='ltr'>turbatusque</span> <span class='ocrx_word' id='word_1_293' title='bbox 323 3951 397 4017; x_wconf 87' lang='lat' dir='ltr'>novi</span> <span class='ocrx_word' id='word_1_294' title='bbox 414 3952 575 4037; x_wconf 90' lang='lat' dir='ltr'>respondit</span> <span class='ocrx_word' id='word_1_295' title='bbox 591 3953 729 4038; x_wconf 88' lang='lat' dir='ltr'>imagine</span> <span class='ocrx_word' id='word_1_296' title='bbox 746 3952 836 4016; x_wconf 87' lang='lat' dir='ltr'>facti:</span> 
     </span>
     <span class='ocr_line' id='line_1_45' title="bbox 94 4037 867 4118; baseline -0.003 -14"><span class='ocrx_word' id='word_1_297' title='bbox 94 4041 142 4105; x_wconf 89' lang='lat' dir='ltr'>‘di</span> <span class='ocrx_word' id='word_1_298' title='bbox 159 4051 192 4106; x_wconf 90' lang='lat' dir='ltr'>te</span> <span class='ocrx_word' id='word_1_299' title='bbox 211 4049 445 4117; x_wconf 84' lang='lat' dir='ltr'>summoveant,</span> <span class='ocrx_word' id='word_1_300' title='bbox 464 4060 482 4103; x_wconf 92' lang='lat' dir='ltr'>o</span> <span class='ocrx_word' id='word_1_301' title='bbox 500 4039 598 4103; x_wconf 86' lang='lat' dir='ltr'>nostri</span> <span class='ocrx_word' id='word_1_302' title='bbox 614 4039 745 4104; x_wconf 88' lang='lat' dir='ltr'>infamia</span> <span class='ocrx_word' id='word_1_303' title='bbox 762 4037 867 4118; x_wconf 89' lang='lat' dir='ltr'>saecli,</span> 
     </span>
    </p>
   </div>
   <div class='ocr_carea' id='block_1_3' title="bbox 0 0 1292 4478">
    <p class='ocr_par' dir='ltr' id='par_1_4' title="bbox 0 0 1292 4478">
     <span class='ocr_line' id='line_1_46' title="bbox 0 0 1292 4478; baseline 0 1"><span class='ocrx_word' id='word_1_304' title='bbox 0 0 1292 4478; x_wconf 95' lang='lat' dir='ltr'> </span> 
     </span>
    </p>
   </div>
  </div>
 </body>
</html>
