2574 4478
227 249 913 311 METAMORPHOSEONLIB.v1.281-368.
1039 240 1079 306 97
1111 221 1119 243 ’

58 395 133 439 ecce
150 374 224 440 lacu
241 376 345 441 medio
362 399 522 442 sacrorum
540 377 631 463 nigra
648 378 755 442 favilla
1099 397 1148 447 325

59 482 115 524 ara
132 471 226 526 vetus
245 462 362 539 stabat,
381 464 521 529 tremulis
540 464 733 528 circumdata
750 463 868 529 cannis.

58 546 175 611 restitit
193 557 225 612 et
240 548 356 633 pavido
375 549 497 615 ‘faveas
514 549 605 613 mihi’
624 573 784 614 murmure
802 549 881 613 dixit

59 629 127 694 dux
145 655 235 697 meus
241 656 250 710 3
268 645 300 698 et
317 634 411 698 simili
428 635 565 700 ‘faveas’
584 657 644 720 ego
662 658 822 699 murmure
840 634 914 698 dixi.

58 716 222 781 Naiadum
240 718 384 785 Faunine
401 720 483 784 foret
500 732 607 785 tamen
624 743 692 796 ara,
710 721 873 806 rogabam,

59 801 270 888 indigenaeve
288 804 349 869 dei.
393 827 465 870 cum
482 807 558 870 talia
575 807 694 870 rettulit
711 807 839 891 hospes:

60 894 151 953 “non
168 890 242 966 hac,
261 912 279 954 o
297 891 434 968 iuvenis,
450 904 635 956 montanum
652 915 769 956 numen
786 893 820 955 in
837 915 892 956 ara
909 903 966 957 est.

60 973 115 1039 illa
134 998 224 1040 suam
242 990 335 1041 vocat
352 977 448 1052 hanc,
467 978 518 1042 oui
536 978 696 1061 quondam
714 978 802 1062 regia
819 977 958 1042 coniunx

60 1061 172 1126 orbem
189 1061 362 1139 interdixit,
381 1084 476 1145 quam
494 1062 548 1126 vix
565 1063 697 1127 erratica
714 1063 814 1127 Delos

60 1158 205 1211 orantem
222 1148 358 1232 accepit,
375 1159 443 1213 tum
461 1170 534 1213 curn
551 1148 630 1214 levis
646 1148 750 1213 insula
767 1149 873 1213 nabat.

59 1231 125 1295 illio
142 1232 328 1297 incumbens
346 1256 419 1297 cum
436 1233 577 1298 Palladis
595 1235 707 1299 arbore
724 1235 847 1319 palmae

60 1317 160 1380 edidit
176 1317 276 1382 invita
292 1319 436 1404 geminos
454 1318 581 1383 Latona
596 1341 742 1384 noverca.

60 1401 136 1467 hino
153 1424 280 1486 quoque
298 1405 453 1469 sunonem
470 1404 590 1489 fugisse
607 1427 764 1491 puerpera
780 1405 881 1469 fertur

59 1487 157 1571 inque
175 1511 234 1552 suo
252 1502 392 1573 portasse
411 1490 495 1567 sinu,
514 1490 577 1554 duo
595 1492 739 1565 numina,
757 1503 857 1555 natos.

60 1573 188 1657 iamque
207 1571 469 1652 Chimaeriferae,
488 1596 560 1639 cum
579 1577 626 1639 sol
642 1577 749 1661 gravis
767 1588 871 1641 ureret
889 1600 975 1654 arva,

58 1658 177 1723 finibus
195 1660 228 1723 in
245 1659 367 1745 Lyciae
383 1661 479 1745 longo
498 1662 558 1726 dea
575 1661 659 1725 fessa
675 1662 783 1726 labore

59 1744 185 1808 sidereo
201 1745 318 1810 siccata
335 1746 418 1810 sitim
436 1747 563 1832 collegit
580 1747 621 1811 ab
639 1758 742 1811 aestu:

58 1830 222 1913 uberaque
240 1831 403 1896 ebiberant
420 1832 505 1896 avidi
522 1833 671 1896 lactantia
687 1833 762 1896 nati.

57 1915 141 1981 forte'
158 1917 264 1980 lacum
281 1917 446 1982 mediocris
464 1940 565 2000 aquae
582 1919 744 2003 prospexit
760 1919 793 1983 in
811 1919 882 1984 imis

58 2000 207 2065 vallibus.
251 2014 390 2088 agrestes
407 2003 471 2066 illic
488 2004 639 2068 fruticosa
655 2005 804 2088 legebant

58 2087 180 2151 vimina
197 2110 270 2151 cum
287 2089 389 2152 iuncis
406 2102 593 2174 gratamque
610 2089 779 2174 paludibus
797 2091 914 2154 ulvam.

58 2172 193 2238 accessit
210 2173 375 2258 positoque
391 2197 478 2259 genu
495 2173 622 2238 Titania
640 2186 755 2239 terram

57 2259 189 2344 pressit,
206 2271 243 2322 ut
260 2259 399 2323 hauriret
415 2259 537 2344 gelidos
555 2272 668 2344 potura
685 2261 832 2344 liquores.

56 2343 179 2408 rustica
195 2344 289 2408 turba
305 2356 400 2408 vetat
443 2345 503 2408 dea
520 2345 565 2409 sio
583 2345 691 2409 adfata
708 2356 863 2408 vetantes:

58 2429 174 2513 “‘quid
190 2429 364 2515 prohibetis
382 2430 491 2513 aquis?
508 2453 584 2494 usus
603 2431 777 2494 communis
796 2452 949 2513 aquarum
968 2443 1024 2495 est.

57 2538 118 2579 neo
136 2515 236 2591 solem
253 2514 415 2600 proprium
433 2527 545 2579 natura
563 2538 622 2581 nec
639 2521 712 2580 a'e'ra
730 2515 805 2579 fecit

57 2623 118 2665 nec
136 2611 248 2666 tenues
265 2601 381 2665 undas:
400 2600 441 2665 ad
458 2601 586 2686 publica
603 2624 735 2664 munera
752 2601 833 2665 veni.

58 2709 142 2770 quae
159 2698 267 2751 tamen
283 2696 320 2750 ut
337 2687 430 2762 detis,
449 2687 584 2771 supplex
600 2698 683 2771 peto.
727 2709 791 2750 non
809 2709 869 2771 ego
887 2698 1010 2750 nostros

59 2772 189 2837 abluere
206 2771 259 2836 hic
276 2784 362 2836 artus
379 2772 559 2856 lassataque
577 2772 719 2836 membra
735 2772 897 2857 parabam,

59 2858 116 2924 sed
133 2858 273 2923 relevare
291 2857 384 2922 sitim.
429 2870 514 2922 caret
531 2881 566 2922 os
583 2880 692 2922 umore
709 2858 876 2942 loquentis,

58 2954 91 3008 et
107 2943 218 3009 fauces
236 2955 339 3020 arent,
357 2943 475 3027 vixque
493 2954 540 3007 est
557 2944 609 3007 via
626 2942 711 3008 vocis
729 2943 850 3008 inillis.

57 3030 191 3094 haustus
210 3050 311 3112 aquae
327 3029 406 3093 mihi
422 3041 529 3093 nectar
546 3029 618 3102 erit,
636 3029 796 3113 vitamque
813 3029 936 3095 fatebor

59 3115 220 3201 accepisse
238 3114 345 3179 simul:
363 3115 461 3178 vitam
479 3114 626 3178 dederitis
643 3115 677 3178 in
694 3115 788 3179 unda.

58 3201 91 3265 hi
109 3222 238 3285 quoque
255 3221 312 3265 vos
328 3211 491 3277 moveant,
509 3200 564 3284 qui
580 3211 687 3264 nostro
705 3199 852 3265 bracchia
869 3201 1003 3267 tendunt

57 3309 158 3372 parva
176 3285 286 3350 sinu.'''
331 3297 363 3350 et
380 3308 455 3350 casu
473 3286 645 3350 tendebant
661 3286 809 3350 bracchia
825 3286 900 3350 nati.

58 3394 154 3457 quem
171 3394 237 3437 non
254 3372 371 3436 blanda
388 3372 465 3436 deae
483 3373 658 3456 potuissent
674 3371 772 3435 verba
789 3373 935 3436 movere?

58 3458 90 3521 hi
108 3469 216 3522 tamen
233 3470 375 3523 orantem
391 3470 532 3543 perstant
549 3457 729 3542 prohibere,
747 3457 922 3539 minasque,

57 3544 91 3606 ni
108 3544 219 3629 procul
237 3544 401 3620 abscedat,
419 3542 623 3626 conviciaque
640 3543 768 3628 insuper
786 3543 915 3606 addunt.

57 3652 117 3694 nec
136 3629 212 3693 satis
231 3641 290 3694 eat:
308 3629 394 3714 ipsos
412 3628 506 3693 etiam
523 3628 720 3713 pedibusque
737 3650 897 3710 manuque

57 3715 228 3779 turbavere
245 3716 347 3792 lacus,
365 3715 492 3797 imoque
511 3736 528 3777 e
546 3714 671 3799 gurgite
689 3715 814 3778 mollem

57 3801 121 3865 huc
139 3801 215 3864 illuc
231 3799 342 3864 limum
360 3801 442 3864 saltu
459 3821 586 3864 movere
603 3800 752 3884 maligno.

58 3885 180 3950 distulit
197 3885 244 3949 ira
261 3885 354 3949 sitim.
397 3908 501 3968 neque
519 3885 682 3950 animiam
700 3885 765 3948 filia
783 3883 862 3949 Coei

57 3970 216 4057 supplicat
232 3970 370 4056 indignis
387 3993 446 4034 neo
464 3970 567 4034 dicere
586 3971 717 4035 sustinet
734 3971 816 4034 ultra

57 4057 157 4124 verba
174 4055 297 4123 minora
314 4057 389 4137 dea,
406 4056 581 4143 tollensque
600 4057 641 4122 ad
658 4056 761 4122 sidera
777 4055 899 4144 palmas

109 4155 262 4207 wocara
891 4155 908 4216 7
