<?xml version="1.0" encoding="UTF-8"?>
<!DOCTYPE html PUBLIC "-//W3C//DTD XHTML 1.0 Transitional//EN"
    "http://www.w3.org/TR/xhtml1/DTD/xhtml1-transitional.dtd">
<html xmlns="http://www.w3.org/1999/xhtml" xml:lang="en" lang="en">
 <head>
  <title>
</title>
<meta http-equiv="Content-Type" content="text/html;charset=utf-8" />
  <meta name='ocr-system' content='tesseract 3.04.00' />
  <meta name='ocr-capabilities' content='ocr_page ocr_carea ocr_par ocr_line ocrx_word'/>
</head>
<body>
  <div class='ocr_page' id='page_1' title='image "./carmina03ovidgoog_0180.png"; bbox 0 0 2574 4478; ppageno 0'>
   <div class='ocr_carea' id='block_1_1' title="bbox 109 148 1084 226">
    <p class='ocr_par' dir='ltr' id='par_1_1' title="bbox 109 148 1084 226">
     <span class='ocr_line' id='line_1_1' title="bbox 109 148 1084 226; baseline -0.005 -2"><span class='ocrx_word' id='word_1_1' title='bbox 109 148 476 226; x_wconf 68' lang='lat' dir='ltr'>unrmouenosnon</span> <span class='ocrx_word' id='word_1_2' title='bbox 492 168 565 224; x_wconf 86' lang='lat' dir='ltr'>nm.</span> <span class='ocrx_word' id='word_1_3' title='bbox 582 169 647 226; x_wconf 89' lang='lat' dir='ltr'>vn.</span> <span class='ocrx_word' id='word_1_4' title='bbox 667 168 809 225; x_wconf 71' lang='lat' dir='ltr'>rso-ace</span> <span class='ocrx_word' id='word_1_5' title='bbox 827 150 905 226; x_wconf 76' lang='lat' dir='ltr'>v&#39;nr.</span> <span class='ocrx_word' id='word_1_6' title='bbox 924 164 999 224; x_wconf 83' lang='lat'><strong>1-9.</strong></span> <span class='ocrx_word' id='word_1_7' title='bbox 1022 151 1084 220; x_wconf 83' lang='lat'>125</span> 
     </span>
    </p>
   </div>
   <div class='ocr_carea' id='block_1_2' title="bbox 64 292 1153 2939">
    <p class='ocr_par' dir='ltr' id='par_1_2' title="bbox 67 292 850 379">
     <span class='ocr_line' id='line_1_2' title="bbox 67 292 850 379; baseline 0 -22"><span class='ocrx_word' id='word_1_8' title='bbox 67 305 193 379; x_wconf 88' lang='lat' dir='ltr'>postera</span> <span class='ocrx_word' id='word_1_9' title='bbox 210 293 395 378; x_wconf 76' lang='lat' dir='ltr'>depulerant</span> <span class='ocrx_word' id='word_1_10' title='bbox 411 294 558 359; x_wconf 82' lang='lat' dir='ltr'>Aurorae</span> <span class='ocrx_word' id='word_1_11' title='bbox 574 292 695 358; x_wconf 90' lang='lat' dir='ltr'>lumina</span> <span class='ocrx_word' id='word_1_12' title='bbox 711 304 850 358; x_wconf 91' lang='lat' dir='ltr'>noctem:</span> 
     </span>
    </p>

    <p class='ocr_par' dir='ltr' id='par_1_3' title="bbox 68 378 1151 548">
     <span class='ocr_line' id='line_1_3' title="bbox 68 378 1151 465; baseline 0.003 -22"><span class='ocrx_word' id='word_1_13' title='bbox 68 378 213 464; x_wconf 89' lang='lat' dir='ltr'>egredior</span> <span class='ocrx_word' id='word_1_14' title='bbox 230 379 404 463; x_wconf 78' lang='lat' dir='ltr'>silvamque</span> <span class='ocrx_word' id='word_1_15' title='bbox 421 389 509 465; x_wconf 93' lang='lat' dir='ltr'>peto,</span> <span class='ocrx_word' id='word_1_16' title='bbox 531 378 683 462; x_wconf 86' lang='lat' dir='ltr'>lucosque</span> <span class='ocrx_word' id='word_1_17' title='bbox 701 399 866 462; x_wconf 82' lang='lat' dir='ltr'>pererrans</span> <span class='ocrx_word' id='word_1_18' title='bbox 1101 397 1151 448; x_wconf 75' lang='lat'>835</span> 
     </span>
     <span class='ocr_line' id='line_1_4' title="bbox 68 464 893 548; baseline 0.001 -20"><span class='ocrx_word' id='word_1_19' title='bbox 68 472 171 528; x_wconf 87' lang='lat' dir='ltr'>“aura</span> <span class='ocrx_word' id='word_1_20' title='bbox 187 464 283 529; x_wconf 91' lang='lat' dir='ltr'>veni&#39;&#39;</span> <span class='ocrx_word' id='word_1_21' title='bbox 302 465 381 542; x_wconf 90' lang='lat' dir='ltr'><strong>dixi,</strong></span> <span class='ocrx_word' id='word_1_22' title='bbox 400 470 593 548; x_wconf 87' lang='lat' dir='ltr'>“nostroque</span> <span class='ocrx_word' id='word_1_23' title='bbox 610 464 737 529; x_wconf 90' lang='lat' dir='ltr'>medere</span> <span class='ocrx_word' id='word_1_24' title='bbox 754 464 893 529; x_wconf 88' lang='lat' dir='ltr'>laboril”</span> 
     </span>
    </p>

    <p class='ocr_par' dir='ltr' id='par_1_4' title="bbox 69 549 824 635">
     <span class='ocr_line' id='line_1_5' title="bbox 69 549 824 635; baseline 0 -21"><span class='ocrx_word' id='word_1_25' title='bbox 69 560 100 614; x_wconf 90' lang='lat' dir='ltr'>et</span> <span class='ocrx_word' id='word_1_26' title='bbox 116 549 222 614; x_wconf 82' lang='lat' dir='ltr'>subito</span> <span class='ocrx_word' id='word_1_27' title='bbox 239 551 376 635; x_wconf 80' lang='lat' dir='ltr'>gemitus</span> <span class='ocrx_word' id='word_1_28' title='bbox 392 551 474 615; x_wconf 90' lang='lat' dir='ltr'>inter</span> <span class='ocrx_word' id='word_1_29' title='bbox 490 574 562 616; x_wconf 88' lang='lat' dir='ltr'>mea</span> <span class='ocrx_word' id='word_1_30' title='bbox 579 551 676 615; x_wconf 89' lang='lat' dir='ltr'>verba</span> <span class='ocrx_word' id='word_1_31' title='bbox 693 549 824 614; x_wconf 87' lang='lat' dir='ltr'>videbar</span> 
     </span>
    </p>

    <p class='ocr_par' dir='ltr' id='par_1_5' title="bbox 68 634 987 720">
     <span class='ocr_line' id='line_1_6' title="bbox 68 634 987 720; baseline 0.003 -22"><span class='ocrx_word' id='word_1_32' title='bbox 68 635 174 700; x_wconf 90' lang='lat' dir='ltr'>nescio</span> <span class='ocrx_word' id='word_1_33' title='bbox 192 657 271 718; x_wconf 88' lang='lat' dir='ltr'>quos</span> <span class='ocrx_word' id='word_1_34' title='bbox 289 636 429 700; x_wconf 80' lang='lat' dir='ltr'>audisse:</span> <span class='ocrx_word' id='word_1_35' title='bbox 448 636 570 701; x_wconf 88' lang='lat' dir='ltr'>“veni&#39;’</span> <span class='ocrx_word' id='word_1_36' title='bbox 588 647 695 699; x_wconf 89' lang='lat' dir='ltr'>tamen</span> <span class='ocrx_word' id='word_1_37' title='bbox 711 634 896 720; x_wconf 87' lang='lat' dir='ltr'>“optimal&#39;’</span> <span class='ocrx_word' id='word_1_38' title='bbox 913 636 987 702; x_wconf 82' lang='lat' dir='ltr'>dixi.</span> 
     </span>
    </p>

    <p class='ocr_par' dir='ltr' id='par_1_6' title="bbox 69 720 896 806">
     <span class='ocr_line' id='line_1_7' title="bbox 69 720 896 806; baseline 0.001 -23"><span class='ocrx_word' id='word_1_39' title='bbox 69 720 179 785; x_wconf 90' lang='lat' dir='ltr'>fronde</span> <span class='ocrx_word' id='word_1_40' title='bbox 195 722 298 786; x_wconf 89' lang='lat' dir='ltr'>levem</span> <span class='ocrx_word' id='word_1_41' title='bbox 316 744 424 786; x_wconf 89' lang='lat' dir='ltr'>rursus</span> <span class='ocrx_word' id='word_1_42' title='bbox 442 721 605 806; x_wconf 82' lang='lat' dir='ltr'>strepitum</span> <span class='ocrx_word' id='word_1_43' title='bbox 623 720 758 785; x_wconf 88' lang='lat' dir='ltr'>faciente</span> <span class='ocrx_word' id='word_1_44' title='bbox 775 721 896 785; x_wconf 86' lang='lat' dir='ltr'>caduca</span> 
     </span>
    </p>

    <p class='ocr_par' dir='ltr' id='par_1_7' title="bbox 68 806 1153 975">
     <span class='ocr_line' id='line_1_8' title="bbox 70 806 1153 889; baseline 0.001 -21"><span class='ocrx_word' id='word_1_45' title='bbox 70 828 139 869; x_wconf 91' lang='lat' dir='ltr'>sum</span> <span class='ocrx_word' id='word_1_46' title='bbox 156 819 243 869; x_wconf 90' lang='lat' dir='ltr'>ratus</span> <span class='ocrx_word' id='word_1_47' title='bbox 261 829 331 871; x_wconf 90' lang='lat' dir='ltr'>esse</span> <span class='ocrx_word' id='word_1_48' title='bbox 347 808 448 872; x_wconf 87' lang='lat' dir='ltr'>feram</span> <span class='ocrx_word' id='word_1_49' title='bbox 466 807 626 889; x_wconf 90' lang='lat' dir='ltr'>telumque</span> <span class='ocrx_word' id='word_1_50' title='bbox 644 806 768 871; x_wconf 88' lang='lat' dir='ltr'>volatile</span> <span class='ocrx_word' id='word_1_51' title='bbox 785 806 865 870; x_wconf 89' lang='lat' dir='ltr'>misi.</span> <span class='ocrx_word' id='word_1_52' title='bbox 1102 826 1153 880; x_wconf 76' lang='lat'>840</span> 
     </span>
     <span class='ocr_line' id='line_1_9' title="bbox 68 889 941 975; baseline 0.002 -21"><span class='ocrx_word' id='word_1_53' title='bbox 68 889 195 955; x_wconf 83' lang='lat' dir='ltr'>Procris</span> <span class='ocrx_word' id='word_1_54' title='bbox 213 891 293 955; x_wconf 78' lang='lat' dir='ltr'>erat!</span> <span class='ocrx_word' id='word_1_55' title='bbox 312 892 479 975; x_wconf 90' lang='lat' dir='ltr'>medioque</span> <span class='ocrx_word' id='word_1_56' title='bbox 496 902 605 957; x_wconf 89' lang='lat' dir='ltr'>tenens</span> <span class='ocrx_word' id='word_1_57' title='bbox 624 892 656 955; x_wconf 92' lang='lat' dir='ltr'>in</span> <span class='ocrx_word' id='word_1_58' title='bbox 696 902 800 956; x_wconf 90' lang='lat' dir='ltr'>ectore</span> <span class='ocrx_word' id='word_1_59' title='bbox 816 893 941 969; x_wconf 88' lang='lat' dir='ltr'>vulnus,</span> 
     </span>
    </p>

    <p class='ocr_par' dir='ltr' id='par_1_8' title="bbox 69 914 945 1062">
     <span class='ocr_line' id='line_1_10' title="bbox 69 914 945 1062; baseline 0.003 -23"><span class='ocrx_word' id='word_1_60' title='bbox 69 976 123 1040; x_wconf 86' lang='lat' dir='ltr'>“ei</span> <span class='ocrx_word' id='word_1_61' title='bbox 141 975 256 1040; x_wconf 87' lang='lat' dir='ltr'>mihi1”</span> <span class='ocrx_word' id='word_1_62' title='bbox 276 978 459 1041; x_wconf 85' lang='lat' dir='ltr'>conclamat.</span> <span class='ocrx_word' id='word_1_63' title='bbox 504 999 566 1041; x_wconf 89' lang='lat' dir='ltr'>vox</span> <span class='ocrx_word' id='word_1_64' title='bbox 584 987 631 1043; x_wconf 93' lang='lat' dir='ltr'>est</span> <span class='ocrx_word' id='word_1_65' title='bbox 647 914 703 1040; x_wconf 70' lang='lat' dir='ltr'>uli</span> <span class='ocrx_word' id='word_1_66' title='bbox 721 977 848 1062; x_wconf 88' lang='lat' dir='ltr'>cognita</span> <span class='ocrx_word' id='word_1_67' title='bbox 864 978 945 1042; x_wconf 87' lang='lat' dir='ltr'>fidae</span> 
     </span>
    </p>

    <p class='ocr_par' dir='ltr' id='par_1_9' title="bbox 69 1061 962 1233">
     <span class='ocr_line' id='line_1_11' title="bbox 70 1061 919 1148; baseline 0.002 -24"><span class='ocrx_word' id='word_1_68' title='bbox 70 1061 227 1147; x_wconf 89' lang='lat' dir='ltr'>coniugis,</span> <span class='ocrx_word' id='word_1_69' title='bbox 245 1062 286 1125; x_wconf 89' lang='lat' dir='ltr'>ad</span> <span class='ocrx_word' id='word_1_70' title='bbox 303 1084 414 1128; x_wconf 90' lang='lat' dir='ltr'>vocem</span> <span class='ocrx_word' id='word_1_71' title='bbox 431 1085 582 1148; x_wconf 88' lang='lat' dir='ltr'>praeceps</span> <span class='ocrx_word' id='word_1_72' title='bbox 599 1083 770 1145; x_wconf 90' lang='lat' dir='ltr'>amensque</span> <span class='ocrx_word' id='word_1_73' title='bbox 787 1063 919 1126; x_wconf 87' lang='lat' dir='ltr'>cucurri.</span> 
     </span>
     <span class='ocr_line' id='line_1_12' title="bbox 69 1145 962 1233; baseline 0.006 -24"><span class='ocrx_word' id='word_1_74' title='bbox 69 1145 285 1212; x_wconf 89' lang='lat' dir='ltr'>semianimem</span> <span class='ocrx_word' id='word_1_75' title='bbox 304 1159 334 1211; x_wconf 89' lang='lat' dir='ltr'>et</span> <span class='ocrx_word' id='word_1_76' title='bbox 352 1171 475 1233; x_wconf 87' lang='lat' dir='ltr'>sparsas</span> <span class='ocrx_word' id='word_1_77' title='bbox 492 1147 671 1212; x_wconf 88' lang='lat' dir='ltr'>foedantem</span> <span class='ocrx_word' id='word_1_78' title='bbox 689 1148 842 1233; x_wconf 88' lang='lat' dir='ltr'>sanguine</span> <span class='ocrx_word' id='word_1_79' title='bbox 860 1159 962 1214; x_wconf 87' lang='lat' dir='ltr'>vestes</span> 
     </span>
    </p>

    <p class='ocr_par' dir='ltr' id='par_1_10' title="bbox 69 1233 1152 1404">
     <span class='ocr_line' id='line_1_13' title="bbox 69 1233 1152 1309; baseline 0.005 -16"><span class='ocrx_word' id='word_1_80' title='bbox 69 1242 100 1294; x_wconf 93' lang='lat' dir='ltr'>et</span> <span class='ocrx_word' id='word_1_81' title='bbox 117 1254 191 1309; x_wconf 89' lang='lat' dir='ltr'>sua,</span> <span class='ocrx_word' id='word_1_82' title='bbox 208 1255 260 1297; x_wconf 89' lang='lat' dir='ltr'>me</span> <span class='ocrx_word' id='word_1_83' title='bbox 277 1233 441 1299; x_wconf 81' lang='lat' dir='ltr'>miserum!</span> <span class='ocrx_word' id='word_1_84' title='bbox 460 1233 499 1298; x_wconf 88' lang='lat' dir='ltr'>dc</span> <span class='ocrx_word' id='word_1_85' title='bbox 517 1235 646 1297; x_wconf 89' lang='lat' dir='ltr'>vulnere</span> <span class='ocrx_word' id='word_1_86' title='bbox 664 1233 747 1297; x_wconf 90' lang='lat' dir='ltr'>dona</span> <span class='ocrx_word' id='word_1_87' title='bbox 763 1233 937 1298; x_wconf 81' lang='lat' dir='ltr'>trahentem</span> <span class='ocrx_word' id='word_1_88' title='bbox 1102 1255 1152 1305; x_wconf 76' lang='lat'>845</span> 
     </span>
     <span class='ocr_line' id='line_1_14' title="bbox 69 1316 791 1404; baseline 0.003 -24"><span class='ocrx_word' id='word_1_89' title='bbox 69 1316 195 1381; x_wconf 88' lang='lat' dir='ltr'>invenio</span> <span class='ocrx_word' id='word_1_90' title='bbox 213 1339 389 1404; x_wconf 89' lang='lat' dir='ltr'>corpusque</span> <span class='ocrx_word' id='word_1_91' title='bbox 407 1340 478 1384; x_wconf 90' lang='lat' dir='ltr'>meo</span> <span class='ocrx_word' id='word_1_92' title='bbox 494 1317 571 1382; x_wconf 93' lang='lat' dir='ltr'>mihi</span> <span class='ocrx_word' id='word_1_93' title='bbox 590 1318 692 1383; x_wconf 88' lang='lat' dir='ltr'>carius</span> <span class='ocrx_word' id='word_1_94' title='bbox 709 1319 791 1382; x_wconf 88' lang='lat' dir='ltr'>ulnis</span> 
     </span>
    </p>

    <p class='ocr_par' dir='ltr' id='par_1_11' title="bbox 69 1402 828 1488">
     <span class='ocr_line' id='line_1_15' title="bbox 69 1402 828 1488; baseline 0.003 -23"><span class='ocrx_word' id='word_1_95' title='bbox 69 1402 216 1467; x_wconf 88' lang='lat' dir='ltr'>mollibus</span> <span class='ocrx_word' id='word_1_96' title='bbox 234 1405 355 1480; x_wconf 82' lang='lat' dir='ltr'>attolle,</span> <span class='ocrx_word' id='word_1_97' title='bbox 374 1403 534 1486; x_wconf 87' lang='lat' dir='ltr'>scissaque</span> <span class='ocrx_word' id='word_1_98' title='bbox 552 1427 571 1467; x_wconf 89' lang='lat' dir='ltr'>a</span> <span class='ocrx_word' id='word_1_99' title='bbox 589 1415 715 1488; x_wconf 88' lang='lat' dir='ltr'>pectore</span> <span class='ocrx_word' id='word_1_100' title='bbox 732 1403 828 1468; x_wconf 82' lang='lat' dir='ltr'>veste</span> 
     </span>
    </p>

    <p class='ocr_par' dir='ltr' id='par_1_12' title="bbox 69 1487 898 1574">
     <span class='ocr_line' id='line_1_16' title="bbox 69 1487 898 1574; baseline 0.006 -26"><span class='ocrx_word' id='word_1_101' title='bbox 69 1487 200 1553; x_wconf 90' lang='lat' dir='ltr'>vulnera</span> <span class='ocrx_word' id='word_1_102' title='bbox 217 1509 312 1553; x_wconf 85' lang='lat' dir='ltr'>saeva</span> <span class='ocrx_word' id='word_1_103' title='bbox 328 1489 393 1574; x_wconf 84' lang='lat' dir='ltr'>ligo</span> <span class='ocrx_word' id='word_1_104' title='bbox 411 1510 569 1572; x_wconf 89' lang='lat' dir='ltr'>conorque</span> <span class='ocrx_word' id='word_1_105' title='bbox 586 1489 728 1553; x_wconf 90' lang='lat' dir='ltr'>inhibere</span> <span class='ocrx_word' id='word_1_106' title='bbox 746 1510 898 1567; x_wconf 91' lang='lat' dir='ltr'>cruorem,</span> 
     </span>
    </p>

    <p class='ocr_par' dir='ltr' id='par_1_13' title="bbox 68 1575 830 1650">
     <span class='ocr_line' id='line_1_17' title="bbox 68 1575 830 1650; baseline 0.005 -16"><span class='ocrx_word' id='word_1_107' title='bbox 68 1594 131 1635; x_wconf 88' lang='lat' dir='ltr'>neu</span> <span class='ocrx_word' id='word_1_108' title='bbox 148 1594 200 1638; x_wconf 91' lang='lat' dir='ltr'>me</span> <span class='ocrx_word' id='word_1_109' title='bbox 218 1585 318 1639; x_wconf 89' lang='lat' dir='ltr'>morte</span> <span class='ocrx_word' id='word_1_110' title='bbox 335 1596 393 1638; x_wconf 87' lang='lat' dir='ltr'>sua</span> <span class='ocrx_word' id='word_1_111' title='bbox 410 1575 596 1639; x_wconf 90' lang='lat' dir='ltr'>sceleratum</span> <span class='ocrx_word' id='word_1_112' title='bbox 615 1575 747 1650; x_wconf 84' lang='lat' dir='ltr'>deserat,</span> <span class='ocrx_word' id='word_1_113' title='bbox 765 1596 830 1638; x_wconf 87' lang='lat' dir='ltr'>ore.</span> 
     </span>
    </p>

    <p class='ocr_par' dir='ltr' id='par_1_14' title="bbox 68 1657 840 1745">
     <span class='ocr_line' id='line_1_18' title="bbox 68 1657 840 1745; baseline 0.005 -26"><span class='ocrx_word' id='word_1_114' title='bbox 68 1657 189 1721; x_wconf 89' lang='lat' dir='ltr'>viribus</span> <span class='ocrx_word' id='word_1_115' title='bbox 205 1658 259 1722; x_wconf 92' lang='lat' dir='ltr'>illa</span> <span class='ocrx_word' id='word_1_116' title='bbox 276 1682 386 1724; x_wconf 86' lang='lat' dir='ltr'>carens</span> <span class='ocrx_word' id='word_1_117' title='bbox 404 1671 435 1724; x_wconf 92' lang='lat' dir='ltr'>et</span> <span class='ocrx_word' id='word_1_118' title='bbox 451 1659 514 1722; x_wconf 90' lang='lat' dir='ltr'>iam</span> <span class='ocrx_word' id='word_1_119' title='bbox 531 1659 720 1724; x_wconf 91' lang='lat' dir='ltr'>moribunda</span> <span class='ocrx_word' id='word_1_120' title='bbox 737 1659 840 1745; x_wconf 77' lang='lat' dir='ltr'>coe&#39;git</span> 
     </span>
    </p>

    <p class='ocr_par' dir='ltr' id='par_1_15' title="bbox 67 1742 883 1830">
     <span class='ocr_line' id='line_1_19' title="bbox 67 1742 883 1830; baseline 0.004 -24"><span class='ocrx_word' id='word_1_121' title='bbox 67 1742 146 1807; x_wconf 89' lang='lat' dir='ltr'>haec</span> <span class='ocrx_word' id='word_1_122' title='bbox 164 1766 199 1808; x_wconf 89' lang='lat' dir='ltr'>se</span> <span class='ocrx_word' id='word_1_123' title='bbox 217 1766 318 1828; x_wconf 85' lang='lat' dir='ltr'>pauca</span> <span class='ocrx_word' id='word_1_124' title='bbox 334 1745 434 1828; x_wconf 90' lang='lat' dir='ltr'>loqui:</span> <span class='ocrx_word' id='word_1_125' title='bbox 454 1751 535 1830; x_wconf 88' lang='lat' dir='ltr'>“per</span> <span class='ocrx_word' id='word_1_126' title='bbox 551 1744 648 1808; x_wconf 86' lang='lat' dir='ltr'>nostri</span> <span class='ocrx_word' id='word_1_127' title='bbox 665 1744 794 1810; x_wconf 88' lang='lat' dir='ltr'>foedera</span> <span class='ocrx_word' id='word_1_128' title='bbox 809 1745 883 1810; x_wconf 91' lang='lat' dir='ltr'>lecti</span> 
     </span>
    </p>

    <p class='ocr_par' dir='ltr' id='par_1_16' title="bbox 66 1829 894 1915">
     <span class='ocr_line' id='line_1_20' title="bbox 66 1829 894 1915; baseline 0.006 -24"><span class='ocrx_word' id='word_1_129' title='bbox 66 1850 188 1912; x_wconf 89' lang='lat' dir='ltr'>perque</span> <span class='ocrx_word' id='word_1_130' title='bbox 206 1829 282 1893; x_wconf 90' lang='lat' dir='ltr'>deos</span> <span class='ocrx_word' id='word_1_131' title='bbox 300 1831 435 1915; x_wconf 85' lang='lat' dir='ltr'>supplex</span> <span class='ocrx_word' id='word_1_132' title='bbox 451 1851 506 1894; x_wconf 90' lang='lat' dir='ltr'>oro</span> <span class='ocrx_word' id='word_1_133' title='bbox 524 1852 717 1914; x_wconf 90' lang='lat' dir='ltr'>superosque</span> <span class='ocrx_word' id='word_1_134' title='bbox 735 1852 894 1914; x_wconf 89' lang='lat' dir='ltr'>meosque,</span> 
     </span>
    </p>

    <p class='ocr_par' dir='ltr' id='par_1_17' title="bbox 66 1914 935 2000">
     <span class='ocr_line' id='line_1_21' title="bbox 66 1914 935 2000; baseline 0.002 -22"><span class='ocrx_word' id='word_1_135' title='bbox 66 1935 124 1998; x_wconf 92' lang='lat' dir='ltr'>per</span> <span class='ocrx_word' id='word_1_136' title='bbox 141 1914 168 1978; x_wconf 92' lang='lat' dir='ltr'>si</span> <span class='ocrx_word' id='word_1_137' title='bbox 187 1915 264 1998; x_wconf 91' lang='lat' dir='ltr'>quid</span> <span class='ocrx_word' id='word_1_138' title='bbox 281 1915 382 1980; x_wconf 87' lang='lat' dir='ltr'>merui</span> <span class='ocrx_word' id='word_1_139' title='bbox 401 1915 439 1980; x_wconf 91' lang='lat' dir='ltr'>de</span> <span class='ocrx_word' id='word_1_140' title='bbox 457 1914 602 1991; x_wconf 80' lang='lat' dir='ltr'>tabens,</span> <span class='ocrx_word' id='word_1_141' title='bbox 620 1936 738 2000; x_wconf 87' lang='lat' dir='ltr'>perque</span> <span class='ocrx_word' id='word_1_142' title='bbox 757 1927 935 1982; x_wconf 87' lang='lat' dir='ltr'>manentem</span> 
     </span>
    </p>

    <p class='ocr_par' dir='ltr' id='par_1_18' title="bbox 66 2001 1071 2085">
     <span class='ocr_line' id='line_1_22' title="bbox 66 2001 1071 2085; baseline 0.004 -23"><span class='ocrx_word' id='word_1_143' title='bbox 66 2021 152 2063; x_wconf 91' lang='lat' dir='ltr'>nunc</span> <span class='ocrx_word' id='word_1_144' title='bbox 170 2021 311 2082; x_wconf 92' lang='lat' dir='ltr'>quoque,</span> <span class='ocrx_word' id='word_1_145' title='bbox 329 2022 401 2065; x_wconf 91' lang='lat' dir='ltr'>cum</span> <span class='ocrx_word' id='word_1_146' title='bbox 419 2023 528 2085; x_wconf 83' lang='lat' dir='ltr'>peren,</span> <span class='ocrx_word' id='word_1_147' title='bbox 547 2023 675 2065; x_wconf 88' lang='lat' dir='ltr'>causam</span> <span class='ocrx_word' id='word_1_148' title='bbox 691 2001 768 2064; x_wconf 91' lang='lat' dir='ltr'>mihi</span> <span class='ocrx_word' id='word_1_149' title='bbox 785 2002 904 2078; x_wconf 89' lang='lat' dir='ltr'>mortis,</span> <span class='ocrx_word' id='word_1_150' title='bbox 923 2025 1071 2080; x_wconf 89' lang='lat' dir='ltr'>amorem,</span> 
     </span>
    </p>

    <p class='ocr_par' dir='ltr' id='par_1_19' title="bbox 65 2085 1151 2253">
     <span class='ocr_line' id='line_1_23' title="bbox 65 2085 1151 2171; baseline 0.003 -23"><span class='ocrx_word' id='word_1_151' title='bbox 65 2107 106 2149; x_wconf 88' lang='lat' dir='ltr'>ne</span> <span class='ocrx_word' id='word_1_152' title='bbox 123 2085 270 2149; x_wconf 89' lang='lat' dir='ltr'>thalamis</span> <span class='ocrx_word' id='word_1_153' title='bbox 288 2087 412 2150; x_wconf 90' lang='lat' dir='ltr'>Auram</span> <span class='ocrx_word' id='word_1_154' title='bbox 429 2086 550 2171; x_wconf 89' lang='lat' dir='ltr'>patiare</span> <span class='ocrx_word' id='word_1_155' title='bbox 567 2087 718 2150; x_wconf 90' lang='lat' dir='ltr'>innubere</span> <span class='ocrx_word' id='word_1_156' title='bbox 736 2086 880 2150; x_wconf 88' lang='lat' dir='ltr'>nostris.’&#39;</span> <span class='ocrx_word' id='word_1_157' title='bbox 1101 2107 1151 2157; x_wconf 84' lang='lat'>855</span> 
     </span>
     <span class='ocr_line' id='line_1_24' title="bbox 66 2170 840 2253; baseline 0.005 -21"><span class='ocrx_word' id='word_1_158' title='bbox 66 2170 160 2246; x_wconf 87' lang='lat' dir='ltr'>dixit,</span> <span class='ocrx_word' id='word_1_159' title='bbox 178 2182 209 2234; x_wconf 92' lang='lat' dir='ltr'>et</span> <span class='ocrx_word' id='word_1_160' title='bbox 227 2193 363 2236; x_wconf 89' lang='lat' dir='ltr'>errorem</span> <span class='ocrx_word' id='word_1_161' title='bbox 381 2183 449 2235; x_wconf 91' lang='lat' dir='ltr'>tum</span> <span class='ocrx_word' id='word_1_162' title='bbox 467 2171 602 2253; x_wconf 89' lang='lat' dir='ltr'>denique</span> <span class='ocrx_word' id='word_1_163' title='bbox 619 2170 754 2234; x_wconf 90' lang='lat' dir='ltr'>nominis</span> <span class='ocrx_word' id='word_1_164' title='bbox 772 2193 840 2236; x_wconf 89' lang='lat' dir='ltr'>esse</span> 
     </span>
    </p>

    <p class='ocr_par' dir='ltr' id='par_1_20' title="bbox 66 2255 891 2340">
     <span class='ocr_line' id='line_1_25' title="bbox 66 2255 891 2340; baseline 0.001 -21"><span class='ocrx_word' id='word_1_165' title='bbox 66 2265 98 2319; x_wconf 88' lang='lat' dir='ltr'>et</span> <span class='ocrx_word' id='word_1_166' title='bbox 115 2256 200 2320; x_wconf 90' lang='lat' dir='ltr'>sensi</span> <span class='ocrx_word' id='word_1_167' title='bbox 217 2268 248 2320; x_wconf 92' lang='lat' dir='ltr'>et</span> <span class='ocrx_word' id='word_1_168' title='bbox 266 2256 369 2321; x_wconf 88' lang='lat' dir='ltr'>docui.</span> <span class='ocrx_word' id='word_1_169' title='bbox 413 2257 469 2321; x_wconf 90' lang='lat' dir='ltr'>sed</span> <span class='ocrx_word' id='word_1_170' title='bbox 487 2256 562 2340; x_wconf 93' lang='lat' dir='ltr'>quid</span> <span class='ocrx_word' id='word_1_171' title='bbox 581 2255 726 2320; x_wconf 90' lang='lat' dir='ltr'>docuisse</span> <span class='ocrx_word' id='word_1_172' title='bbox 742 2255 891 2320; x_wconf 79' lang='lat' dir='ltr'>iuvabat?</span> 
     </span>
    </p>

    <p class='ocr_par' dir='ltr' id='par_1_21' title="bbox 65 2340 890 2441">
     <span class='ocr_line' id='line_1_26' title="bbox 65 2340 890 2441; baseline 0.002 -37"><span class='ocrx_word' id='word_1_173' title='bbox 65 2340 192 2416; x_wconf 86' lang='lat' dir='ltr'>labitur,</span> <span class='ocrx_word' id='word_1_174' title='bbox 210 2351 241 2406; x_wconf 90' lang='lat' dir='ltr'>et</span> <span class='ocrx_word' id='word_1_175' title='bbox 255 2364 374 2441; x_wconf 88' lang='lat' dir='ltr'>parvae</span> <span class='ocrx_word' id='word_1_176' title='bbox 391 2342 519 2427; x_wconf 87' lang='lat' dir='ltr'>fugiunt</span> <span class='ocrx_word' id='word_1_177' title='bbox 536 2364 609 2406; x_wconf 91' lang='lat' dir='ltr'>cum</span> <span class='ocrx_word' id='word_1_178' title='bbox 627 2340 780 2425; x_wconf 88' lang='lat' dir='ltr'>sanguine</span> <span class='ocrx_word' id='word_1_179' title='bbox 798 2342 890 2406; x_wconf 89' lang='lat' dir='ltr'>vires.</span> 
     </span>
    </p>

    <p class='ocr_par' dir='ltr' id='par_1_22' title="bbox 64 2426 1152 2663">
     <span class='ocr_line' id='line_1_27' title="bbox 65 2426 1112 2512; baseline 0.003 -23"><span class='ocrx_word' id='word_1_180' title='bbox 65 2426 206 2509; x_wconf 90' lang='lat' dir='ltr'>dumque</span> <span class='ocrx_word' id='word_1_181' title='bbox 223 2427 344 2510; x_wconf 86' lang='lat' dir='ltr'>ahquid</span> <span class='ocrx_word' id='word_1_182' title='bbox 361 2440 502 2512; x_wconf 88' lang='lat' dir='ltr'>spectare</span> <span class='ocrx_word' id='word_1_183' title='bbox 520 2437 638 2512; x_wconf 87' lang='lat' dir='ltr'>potest,</span> <span class='ocrx_word' id='word_1_184' title='bbox 656 2449 707 2491; x_wconf 88' lang='lat' dir='ltr'>me</span> <span class='ocrx_word' id='word_1_185' title='bbox 725 2438 860 2510; x_wconf 88' lang='lat' dir='ltr'>spectat,</span> <span class='ocrx_word' id='word_1_186' title='bbox 878 2427 959 2491; x_wconf 89' lang='lat' dir='ltr'>etin</span> <span class='ocrx_word' id='word_1_187' title='bbox 976 2450 1028 2493; x_wconf 91' lang='lat' dir='ltr'>me</span> <span class='ocrx_word' id='word_1_188' title='bbox 1111 2489 1112 2492; x_wconf 74' lang='grc'>,</span> 
     </span>
     <span class='ocr_line' id='line_1_28' title="bbox 64 2511 1152 2596; baseline 0.002 -21"><span class='ocrx_word' id='word_1_189' title='bbox 64 2512 224 2578; x_wconf 85' lang='lat' dir='ltr'>infelicem</span> <span class='ocrx_word' id='word_1_190' title='bbox 241 2512 378 2576; x_wconf 88' lang='lat' dir='ltr'>animam</span> <span class='ocrx_word' id='word_1_191' title='bbox 396 2524 565 2596; x_wconf 90' lang='lat' dir='ltr'>nostroque</span> <span class='ocrx_word' id='word_1_192' title='bbox 583 2513 687 2577; x_wconf 84' lang='lat' dir='ltr'>exalat</span> <span class='ocrx_word' id='word_1_193' title='bbox 703 2511 735 2574; x_wconf 92' lang='lat' dir='ltr'>in</span> <span class='ocrx_word' id='word_1_194' title='bbox 753 2533 816 2576; x_wconf 89' lang='lat' dir='ltr'>cre.</span> <span class='ocrx_word' id='word_1_195' title='bbox 1102 2533 1152 2582; x_wconf 83' lang='lat'>860</span> 
     </span>
     <span class='ocr_line' id='line_1_29' title="bbox 65 2596 762 2663; baseline -0.001 -1"><span class='ocrx_word' id='word_1_196' title='bbox 65 2598 122 2663; x_wconf 91' lang='lat' dir='ltr'>sed</span> <span class='ocrx_word' id='word_1_197' title='bbox 140 2597 231 2661; x_wconf 87' lang='lat' dir='ltr'>vultu</span> <span class='ocrx_word' id='word_1_198' title='bbox 248 2598 377 2662; x_wconf 91' lang='lat' dir='ltr'>meliore</span> <span class='ocrx_word' id='word_1_199' title='bbox 394 2598 474 2662; x_wconf 88' lang='lat' dir='ltr'>mori</span> <span class='ocrx_word' id='word_1_200' title='bbox 491 2620 602 2662; x_wconf 89' lang='lat' dir='ltr'>secura</span> <span class='ocrx_word' id='word_1_201' title='bbox 619 2596 762 2663; x_wconf 65' lang='lat' dir='ltr'>videtur?</span> 
     </span>
    </p>

    <p class='ocr_par' dir='ltr' id='par_1_23' title="bbox 64 2682 989 2749">
     <span class='ocr_line' id='line_1_30' title="bbox 64 2682 989 2749; baseline 0.001 -1"><span class='ocrx_word' id='word_1_202' title='bbox 64 2683 213 2748; x_wconf 87' lang='lat' dir='ltr'>flentibus</span> <span class='ocrx_word' id='word_1_203' title='bbox 230 2682 309 2747; x_wconf 87' lang='lat' dir='ltr'>haec</span> <span class='ocrx_word' id='word_1_204' title='bbox 325 2683 492 2747; x_wconf 86' lang='lat' dir='ltr'>lacrimans</span> <span class='ocrx_word' id='word_1_205' title='bbox 509 2684 601 2748; x_wconf 91' lang='lat' dir='ltr'>heros</span> <span class='ocrx_word' id='word_1_206' title='bbox 618 2682 822 2748; x_wconf 87' lang='lat' dir='ltr'>memorabat.</span> <span class='ocrx_word' id='word_1_207' title='bbox 867 2694 899 2748; x_wconf 89' lang='lat' dir='ltr'>et</span> <span class='ocrx_word' id='word_1_208' title='bbox 916 2706 989 2749; x_wconf 90' lang='lat' dir='ltr'>ecce</span> 
     </span>
    </p>

    <p class='ocr_par' dir='ltr' id='par_1_24' title="bbox 65 2767 881 2853">
     <span class='ocr_line' id='line_1_31' title="bbox 65 2767 881 2853; baseline 0.004 -22"><span class='ocrx_word' id='word_1_209' title='bbox 65 2771 193 2833; x_wconf 88' lang='lat' dir='ltr'>Aeacus</span> <span class='ocrx_word' id='word_1_210' title='bbox 211 2767 387 2852; x_wconf 83' lang='lat' dir='ltr'>ingreditur</span> <span class='ocrx_word' id='word_1_211' title='bbox 405 2768 523 2853; x_wconf 91' lang='lat' dir='ltr'>duplici</span> <span class='ocrx_word' id='word_1_212' title='bbox 540 2790 612 2832; x_wconf 89' lang='lat' dir='ltr'>cum</span> <span class='ocrx_word' id='word_1_213' title='bbox 629 2769 718 2853; x_wconf 91' lang='lat' dir='ltr'>prole</span> <span class='ocrx_word' id='word_1_214' title='bbox 735 2789 881 2851; x_wconf 91' lang='lat' dir='ltr'>novoque</span> 
     </span>
    </p>

    <p class='ocr_par' dir='ltr' id='par_1_25' title="bbox 65 2850 969 2939">
     <span class='ocr_line' id='line_1_32' title="bbox 65 2850 969 2939; baseline 0.001 -20"><span class='ocrx_word' id='word_1_215' title='bbox 65 2853 178 2930; x_wconf 87' lang='lat' dir='ltr'>milite,</span> <span class='ocrx_word' id='word_1_216' title='bbox 196 2874 292 2936; x_wconf 92' lang='lat' dir='ltr'>quem</span> <span class='ocrx_word' id='word_1_217' title='bbox 311 2850 473 2938; x_wconf 87' lang='lat' dir='ltr'>Cephalus</span> <span class='ocrx_word' id='word_1_218' title='bbox 491 2875 563 2918; x_wconf 92' lang='lat' dir='ltr'>cum</span> <span class='ocrx_word' id='word_1_219' title='bbox 581 2853 715 2918; x_wconf 87' lang='lat' dir='ltr'>fortibus</span> <span class='ocrx_word' id='word_1_220' title='bbox 733 2854 847 2939; x_wconf 86' lang='lat' dir='ltr'>accipit</span> <span class='ocrx_word' id='word_1_221' title='bbox 864 2854 969 2920; x_wconf 89' lang='lat' dir='ltr'>armis.</span> 
     </span>
    </p>
   </div>
   <div class='ocr_carea' id='block_1_3' title="bbox 415 3120 733 3180">
    <p class='ocr_par' dir='ltr' id='par_1_26' title="bbox 415 3120 733 3180">
     <span class='ocr_line' id='line_1_33' title="bbox 415 3120 733 3180; baseline 0 -4"><span class='ocrx_word' id='word_1_222' title='bbox 415 3120 531 3176; x_wconf 87' lang='lat' dir='ltr'><strong>LIBER</strong></span> <span class='ocrx_word' id='word_1_223' title='bbox 548 3120 733 3180; x_wconf 81' lang='lat' dir='ltr'>OCTAVUS.</span> 
     </span>
    </p>
   </div>
   <div class='ocr_carea' id='block_1_4' title="bbox 62 3279 1157 3961">
    <p class='ocr_par' dir='ltr' id='par_1_27' title="bbox 63 3279 1157 3452">
     <span class='ocr_line' id='line_1_34' title="bbox 64 3279 1157 3367; baseline -0.003 -20"><span class='ocrx_word' id='word_1_224' title='bbox 64 3282 132 3347; x_wconf 90' lang='lat' dir='ltr'>Iam</span> <span class='ocrx_word' id='word_1_225' title='bbox 149 3280 285 3346; x_wconf 89' lang='lat' dir='ltr'>nitidum</span> <span class='ocrx_word' id='word_1_226' title='bbox 303 3289 466 3365; x_wconf 88' lang='lat' dir='ltr'>retegente</span> <span class='ocrx_word' id='word_1_227' title='bbox 484 3279 567 3344; x_wconf 89' lang='lat' dir='ltr'>diem</span> <span class='ocrx_word' id='word_1_228' title='bbox 584 3279 747 3363; x_wconf 91' lang='lat' dir='ltr'>noctisque</span> <span class='ocrx_word' id='word_1_229' title='bbox 765 3279 897 3364; x_wconf 84' lang='lat' dir='ltr'>fugante</span> <span class='ocrx_word' id='word_1_230' title='bbox 1061 3299 1157 3367; x_wconf 63' lang='lat' dir='ltr'>scylla„</span> 
     </span>
     <span class='ocr_line' id='line_1_35' title="bbox 63 3364 930 3452; baseline -0.001 -21"><span class='ocrx_word' id='word_1_231' title='bbox 63 3379 207 3452; x_wconf 87' lang='lat' dir='ltr'>tempora</span> <span class='ocrx_word' id='word_1_232' title='bbox 223 3365 376 3430; x_wconf 90' lang='lat' dir='ltr'>Lucifero</span> <span class='ocrx_word' id='word_1_233' title='bbox 395 3364 479 3428; x_wconf 90' lang='lat' dir='ltr'>cadit</span> <span class='ocrx_word' id='word_1_234' title='bbox 496 3387 605 3441; x_wconf 91' lang='lat' dir='ltr'>eurus,</span> <span class='ocrx_word' id='word_1_235' title='bbox 624 3376 655 3428; x_wconf 93' lang='lat' dir='ltr'>et</span> <span class='ocrx_word' id='word_1_236' title='bbox 672 3365 780 3428; x_wconf 90' lang='lat' dir='ltr'>umida</span> <span class='ocrx_word' id='word_1_237' title='bbox 797 3376 930 3448; x_wconf 88' lang='lat' dir='ltr'>surgunt</span> 
     </span>
    </p>

    <p class='ocr_par' dir='ltr' id='par_1_28' title="bbox 64 3450 918 3535">
     <span class='ocr_line' id='line_1_36' title="bbox 64 3450 918 3535; baseline -0.002 -19"><span class='ocrx_word' id='word_1_238' title='bbox 64 3453 181 3517; x_wconf 92' lang='lat' dir='ltr'>nubila.</span> <span class='ocrx_word' id='word_1_239' title='bbox 226 3450 303 3514; x_wconf 86' lang='lat' dir='ltr'>dant</span> <span class='ocrx_word' id='word_1_240' title='bbox 321 3450 436 3535; x_wconf 91' lang='lat' dir='ltr'>placidi</span> <span class='ocrx_word' id='word_1_241' title='bbox 454 3471 581 3513; x_wconf 87' lang='lat' dir='ltr'>cursum</span> <span class='ocrx_word' id='word_1_242' title='bbox 598 3450 802 3514; x_wconf 90' lang='lat' dir='ltr'>redeuntibus</span> <span class='ocrx_word' id='word_1_243' title='bbox 820 3451 918 3515; x_wconf 84' lang='lat' dir='ltr'>austri</span> 
     </span>
    </p>

    <p class='ocr_par' dir='ltr' id='par_1_29' title="bbox 62 3533 816 3620">
     <span class='ocr_line' id='line_1_37' title="bbox 62 3533 816 3620; baseline -0.003 -19"><span class='ocrx_word' id='word_1_244' title='bbox 62 3536 215 3602; x_wconf 86' lang='lat' dir='ltr'>Aeacidis</span> <span class='ocrx_word' id='word_1_245' title='bbox 234 3533 454 3620; x_wconf 81' lang='lat' dir='ltr'>Cephaloque:</span> <span class='ocrx_word' id='word_1_246' title='bbox 474 3535 588 3617; x_wconf 90' lang='lat' dir='ltr'>quibus</span> <span class='ocrx_word' id='word_1_247' title='bbox 605 3533 737 3599; x_wconf 88' lang='lat' dir='ltr'>feliciter</span> <span class='ocrx_word' id='word_1_248' title='bbox 755 3534 816 3599; x_wconf 84' lang='lat' dir='ltr'>acti</span> 
     </span>
    </p>

    <p class='ocr_par' dir='ltr' id='par_1_30' title="bbox 63 3621 768 3706">
     <span class='ocr_line' id='line_1_38' title="bbox 63 3621 768 3706; baseline -0.003 -20"><span class='ocrx_word' id='word_1_249' title='bbox 63 3634 134 3688; x_wconf 89' lang='lat' dir='ltr'>ante</span> <span class='ocrx_word' id='word_1_250' title='bbox 153 3631 356 3706; x_wconf 89' lang='lat' dir='ltr'>expectatum</span> <span class='ocrx_word' id='word_1_251' title='bbox 373 3631 482 3704; x_wconf 89' lang='lat' dir='ltr'>portus</span> <span class='ocrx_word' id='word_1_252' title='bbox 500 3631 628 3684; x_wconf 91' lang='lat' dir='ltr'>tenuere</span> <span class='ocrx_word' id='word_1_253' title='bbox 645 3621 768 3705; x_wconf 89' lang='lat' dir='ltr'>petitos.</span> 
     </span>
    </p>

    <p class='ocr_par' dir='ltr' id='par_1_31' title="bbox 62 3704 707 3790">
     <span class='ocr_line' id='line_1_39' title="bbox 62 3704 707 3790; baseline -0.003 -19"><span class='ocrx_word' id='word_1_254' title='bbox 62 3707 182 3773; x_wconf 89' lang='lat' dir='ltr'>interea</span> <span class='ocrx_word' id='word_1_255' title='bbox 199 3705 307 3770; x_wconf 89' lang='lat' dir='ltr'>Minos</span> <span class='ocrx_word' id='word_1_256' title='bbox 326 3705 479 3790; x_wconf 81' lang='lat' dir='ltr'>Lelegeia</span> <span class='ocrx_word' id='word_1_257' title='bbox 494 3704 586 3768; x_wconf 86' lang='lat' dir='ltr'>litora</span> <span class='ocrx_word' id='word_1_258' title='bbox 604 3717 707 3769; x_wconf 88' lang='lat' dir='ltr'>vastat</span> 
     </span>
    </p>

    <p class='ocr_par' dir='ltr' id='par_1_32' title="bbox 63 3789 820 3877">
     <span class='ocr_line' id='line_1_40' title="bbox 63 3789 820 3877; baseline -0.001 -20"><span class='ocrx_word' id='word_1_259' title='bbox 63 3802 335 3877; x_wconf 90' lang='lat' dir='ltr'>praetemptatque</span> <span class='ocrx_word' id='word_1_260' title='bbox 353 3790 402 3854; x_wconf 88' lang='lat' dir='ltr'>sui</span> <span class='ocrx_word' id='word_1_261' title='bbox 419 3791 502 3854; x_wconf 88' lang='lat' dir='ltr'>vires</span> <span class='ocrx_word' id='word_1_262' title='bbox 519 3789 675 3855; x_wconf 88' lang='lat' dir='ltr'>Mavortis</span> <span class='ocrx_word' id='word_1_263' title='bbox 692 3791 724 3853; x_wconf 90' lang='lat' dir='ltr'>in</span> <span class='ocrx_word' id='word_1_264' title='bbox 742 3791 820 3856; x_wconf 87' lang='lat' dir='ltr'>urbe</span> 
     </span>
    </p>

    <p class='ocr_par' dir='ltr' id='par_1_33' title="bbox 63 3874 956 3961">
     <span class='ocr_line' id='line_1_41' title="bbox 63 3874 956 3961; baseline 0.001 -18"><span class='ocrx_word' id='word_1_265' title='bbox 63 3877 227 3952; x_wconf 85' lang='lat' dir='ltr'>Alcathoi,</span> <span class='ocrx_word' id='word_1_266' title='bbox 245 3897 342 3959; x_wconf 91' lang='lat' dir='ltr'>quam</span> <span class='ocrx_word' id='word_1_267' title='bbox 358 3875 456 3939; x_wconf 89' lang='lat' dir='ltr'>Nisus</span> <span class='ocrx_word' id='word_1_268' title='bbox 474 3874 584 3952; x_wconf 83' lang='lat' dir='ltr'>habet,</span> <span class='ocrx_word' id='word_1_269' title='bbox 603 3875 654 3940; x_wconf 92' lang='lat' dir='ltr'>cui</span> <span class='ocrx_word' id='word_1_270' title='bbox 671 3876 854 3961; x_wconf 91' lang='lat' dir='ltr'>splendidus</span> <span class='ocrx_word' id='word_1_271' title='bbox 872 3888 956 3950; x_wconf 85' lang='lat' dir='ltr'>ostro</span> 
     </span>
    </p>
   </div>
   <div class='ocr_carea' id='block_1_5' title="bbox 61 3960 760 4034">
    <p class='ocr_par' dir='ltr' id='par_1_34' title="bbox 61 3960 760 4034">
     <span class='ocr_line' id='line_1_42' title="bbox 61 3960 760 4034; baseline -0.001 0"><span class='ocrx_word' id='word_1_272' title='bbox 61 3962 142 4034; x_wconf 82' lang='lat' dir='ltr'>inter</span> <span class='ocrx_word' id='word_1_273' title='bbox 160 3961 331 4032; x_wconf 84' lang='lat' dir='ltr'>honoratos</span> <span class='ocrx_word' id='word_1_274' title='bbox 348 3961 452 4032; x_wconf 84' lang='lat' dir='ltr'>medio</span> <span class='ocrx_word' id='word_1_275' title='bbox 473 3960 513 4031; x_wconf 87' lang='lat' dir='ltr'>de</span> <span class='ocrx_word' id='word_1_276' title='bbox 531 3962 647 4033; x_wconf 87' lang='lat' dir='ltr'>vertice</span> <span class='ocrx_word' id='word_1_277' title='bbox 665 3984 760 4032; x_wconf 84' lang='lat' dir='ltr'>canos</span> 
     </span>
    </p>
   </div>
   <div class='ocr_carea' id='block_1_6' title="bbox 0 0 1292 4478">
    <p class='ocr_par' dir='ltr' id='par_1_35' title="bbox 0 0 1292 4478">
     <span class='ocr_line' id='line_1_43' title="bbox 0 0 1292 4478; baseline 0 1"><span class='ocrx_word' id='word_1_278' title='bbox 0 0 1292 4478; x_wconf 95' lang='lat' dir='ltr'> </span> 
     </span>
    </p>
   </div>
  </div>
 </body>
</html>
