2574 4478
232 438 296 506 246
565 452 598 509 P.
618 454 743 510 OVIDII
760 451 925 511 NASONIS

231 575 453 662 Naryciusque
470 576 578 654 heros,
597 601 617 641 a
633 577 768 663 Virgine
785 577 908 663 virgine
925 588 1027 663 rapta,

232 684 329 746 quam
347 662 462 729 meruit
478 685 613 749 poenam
631 664 727 740 solus,
746 663 878 749 digessit
893 663 928 727 in
945 686 1066 741 omnes,

164 769 216 817 4⁷0
233 748 426 849 spargimur,
445 759 477 814 et
493 749 595 813 ventis
613 748 740 813 inimica
757 772 813 834 per
831 769 968 832 aequora
986 751 1069 835 rapti

232 834 380 911 fulmina,
397 845 537 911 noctem,
555 834 688 909 imbres,
705 835 786 898 iram
804 835 946 917 caelique
963 837 1126 919 marisque

232 919 427 1006 perpetimur
444 919 565 997 Danai,
584 920 810 1004 cumulumque
829 917 997 1004 Capherea
1014 922 1124 986 cladis.

232 1027 314 1070 neve
332 1028 435 1071 morer
452 1004 592 1070 referens
609 1005 714 1069 tristes
733 1028 773 1070 ex
790 1005 900 1069 ordine
918 1028 1024 1070 casus:

234 1089 371 1156 Graecia
387 1102 456 1155 tum
473 1091 575 1176 potuit
591 1089 720 1154 Priamo
738 1112 865 1174 quoque
882 1091 987 1155 flenda
1004 1092 1116 1158 videri.

164 1195 215 1245 475
233 1200 284 1242 me
302 1190 408 1242 tamen
426 1176 592 1241 armiferae
610 1189 770 1241 servatum
787 1198 863 1240 cura
881 1176 1047 1243 Minervae

232 1263 380 1328 fluctibus
398 1262 521 1348 eripuit.
565 1261 672 1347 patriis
690 1263 747 1327 sed
764 1284 873 1326 rursus
890 1261 931 1325 ab
949 1264 1034 1346 agris

232 1349 342 1434 pellor,
361 1359 393 1413 et
410 1349 539 1431 antiquo
557 1369 712 1412 memores
730 1348 770 1412 de
788 1348 918 1412 vulnere
935 1370 1054 1432 poenas

233 1434 332 1519 exigit
349 1434 432 1498 alma
449 1434 560 1499 Venus
566 1458 575 1510 ;
593 1444 759 1516 tantosque
777 1456 836 1518 per
851 1433 915 1497 alta
931 1433 1056 1500 labores

232 1541 372 1602 aequora
389 1519 540 1595 sustinui,
558 1530 662 1583 tantos
680 1519 880 1583 terrestribus
897 1518 1003 1596 armis,

165 1622 216 1673 480
234 1617 270 1670 ut
288 1604 364 1668 mihi
383 1603 490 1669 felices
508 1605 570 1668 sint
587 1604 632 1668 illi
651 1627 746 1689 saepe
763 1605 876 1681 vocati,

233 1712 313 1773 quos
332 1690 507 1754 communis
524 1690 625 1755 hiems
643 1690 686 1753 im
711 1700 904 1774 ortunusque
923 1687 1111 1775 Caphereus

232 1775 342 1839 mersit
359 1776 459 1858 aquis.
502 1776 679 1858 vellemque
688 1712 809 1840 horum
827 1798 899 1860 pars
918 1799 982 1839 una
998 1776 1146 1842 fuissem!

232 1861 344 1924 ultima
360 1861 423 1924 iam
442 1860 526 1945 passi
544 1861 674 1926 comites
693 1861 839 1944 belloque
857 1861 1001 1944 fretoque
1020 1908 1026 1918 .

233 1945 398 2023 deficiunt,
418 1946 576 2029 finemque
593 1958 709 2031 rogant
726 1946 849 2011 erroris·
893 1958 926 2010 at
945 1947 1073 2011 Acmon

164 2048 216 2098 485
233 2030 375 2095 fervidus
391 2031 528 2116 ingenio,
547 2042 615 2095 tum
633 2053 708 2096 vero
726 2041 758 2096 et
776 2031 918 2097 cladibus
936 2054 1038 2116 asper,

234 2116 336 2198 “quid
354 2127 511 2201 superest,
530 2117 615 2200 quod
632 2116 696 2181 iarn
713 2116 865 2202 patientia
882 2128 987 2181 vestra
1004 2131 1131 2184 recuset

234 2204 332 2279 ferre,
351 2204 450 2268 viri?”
470 2203 558 2268 dixit.
603 2204 705 2288 “quid
722 2203 818 2268 habet
836 2202 1005 2288 Cytherea,
1022 2204 1110 2284 quod
1129 2208 1216 2278 ultra,

235 2290 315 2354 velle
333 2299 419 2374 puta,
437 2288 550 2353 faciat?
567 2313 640 2354 uam
659 2290 735 2353 dum
752 2289 859 2374 peiora
875 2289 1033 2363 timentur,

235 2387 283 2440 est
298 2376 386 2439 locus
403 2375 437 2440 in
454 2376 583 2451 vulnus:
605 2399 673 2442 sors
691 2386 796 2440 autem
814 2374 870 2438 ubi
886 2372 1024 2458 pessima
1040 2393 1157 2450 rerum,

166 2481 218 2531 490
235 2462 295 2525 sub
312 2461 446 2546 pedibus
464 2461 556 2523 timor
573 2472 628 2535 est,
648 2482 820 2542 securaque
838 2481 961 2523 summa
978 2459 1144 2522 malcrum.

236 2546 344 2611 audiat
361 2546 444 2631 ipsa,
460 2546 548 2623 licet:
566 2557 609 2624 et,
627 2543 714 2629 quod
730 2543 821 2620 facit,
840 2543 941 2608 oderit
956 2564 1067 2608 omnes

237 2632 296 2694 sub
314 2630 472 2697 Diomede
489 2631 588 2696 viros:
607 2632 715 2696 odium
734 2641 840 2695 tamen
856 2629 942 2693 illius
960 2650 1070 2694 omnes

236 2717 427 2801 spernimus:
446 2729 478 2782 et
494 2739 610 2802 magno
629 2727 689 2781 stat
708 2739 825 2801 magna
841 2715 982 2800 potentia
998 2715 1133 2780 nobisl''

236 2802 352 2866 talibus
364 2801 489 2866 irritans
499 2803 658 2868 Venerem
675 2801 865 2866 Pleuronius
883 2801 1010 2864 Acmon

167 2904 217 2953 495
235 2886 409 2951 instimulat
426 2887 531 2952 verbis
549 2900 751 2970 veteremque
769 2885 935 2951 resuscitat
950 2885 1041 2950 iram.

236 2972 320 3037 dicta
336 2973 462 3056 placent
478 2974 603 3056 paucis:
621 2973 744 3037 numeri
762 2971 888 3036 maioris
907 2970 1000 3035 amici

235 3059 384 3122 Acmona
400 3057 595 3141 corripimus.
639 3058 691 3122 cui
707 3058 897 3144 respondere
914 3055 1033 3122 volenti

235 3164 299 3207 vox
316 3140 433 3226 pariter
450 3143 600 3226 vocisque
618 3144 670 3208 via
688 3154 735 3209 est
752 3155 896 3218 tenuata:
914 3164 1089 3227 comaeque

235 3228 269 3292 in
287 3226 411 3313 plumas
429 3227 546 3292 abeunt
552 3254 561 3306 ;
579 3229 695 3314 plumis
712 3251 796 3294 nova
814 3229 894 3294 colla
911 3239 1063 3314 teguntur

168 3330 219 3380 500
236 3323 427 3400 pectoraque
445 3323 477 3377 et
494 3325 632 3399 tergum3
650 3314 785 3379 maiores
803 3314 950 3379 bracchia
968 3337 1089 3399 pennas

236 3396 408 3482 accipiunt,
427 3398 589 3482 cubitique
606 3399 692 3464 leves
711 3400 876 3465 sinuantur
892 3400 925 3464 in
943 3400 1023 3477 alas3

235 3505 353 3568 magna
370 3483 486 3567 pedum
505 3484 621 3570 digitos
638 3507 711 3570 pars
730 3496 878 3571 occupat;
896 3505 1014 3567 oraque
1032 3506 1131 3550 comu

235 3569 382 3635 indurata
398 3568 502 3654 rigent
518 3570 678 3653 finemque
695 3571 729 3635 in
746 3571 892 3636 acumine
909 3582 1041 3656 ponunt.

235 3653 321 3719 hunc
337 3653 461 3737 Lycus,
479 3655 565 3720 hunc
583 3656 656 3719 Idas
675 3667 706 3720 et
723 3679 796 3721 cum
813 3657 1003 3722 Rhexenore
1019 3656 1172 3741 Nycteus,

167 3760 218 3812 505
235 3740 321 3806 hunc
338 3740 468 3804 miratur
485 3741 591 3805 Abas:
609 3751 641 3806 et
659 3742 735 3806 dum
752 3743 915 3819 mirantur,
933 3742 1067 3807 eandem

56 3834 60 3841 '
236 3824 395 3912 accipiunt
412 3825 536 3891 faciem.
579 3849 793 3911 numerusque
811 3851 851 3894 ex
868 3828 995 3913 agmine
1012 3829 1115 3894 maior

106 3976 111 3999 =
234 3911 382 3981 subvolat
398 3922 430 3977 et
446 3934 550 3977 remos
567 3912 685 3997 plausis
704 3915 909 3979 circumvolat
926 3914 993 3978 alis.

104 4028 130 4081 χ,
235 4000 263 4067 si
279 3997 445 4065 volucrum
461 4018 544 4080 quae
561 3998 602 4062 sit
619 3999 795 4064 subitarum
813 4000 914 4064 forma
920 4045 929 4075 ,
946 3999 1096 4083 requiris:

234 4096 353 4153 utnon
369 4104 388 4149 c
409 4104 556 4160 cnomm,
574 4083 620 4149 sic
637 4083 717 4148 albis
734 4085 879 4171 proxima
896 4085 1014 4168 cycnis.

150 4174 219 4247 '2:⁵10
234 4170 290 4239 vix
306 4106 455 4255 equidem
470 4168 528 4233 bas
545 4171 637 4235 sedes
654 4179 687 4235 et
702 4170 834 4256 Iapygis
852 4169 939 4234 arida
956 4168 1068 4234 Dauni

169 4250 184 4265 ”
227 4280 309 4329 ma
323 4278 427 4349 gener
442 4265 536 4323 teneo
551 4254 682 4321 minima
700 4278 772 4321 cum
789 4269 880 4343 parte
897 4256 1062 4323 meorum.’
