2574 4478
225 288 268 356 24
557 302 590 358 P.
609 302 733 361 OVIDII
748 302 909 361 NASONIS

227 441 259 493 et
276 438 343 491 tum
361 427 457 502 sicca,
475 424 562 511 prius
579 427 767 493 creberrima
784 427 937 504 fontibus,
956 425 1023 503 Ide,

226 513 449 597 virgineusque
466 512 601 577 Helicon
618 524 651 578 et
666 513 807 577 nondum
824 510 982 598 Oeagrius
1000 514 1152 581 Haemus.
1259 584 1264 599 ,

160 619 210 671 220
228 599 316 663 ardet
331 598 364 662 in
381 598 568 663 immensum
585 598 751 682 geminatis
768 599 895 684 ignibus
912 600 1017 663 Aetna
1256 667 1258 677 ,

226 683 449 766 Parnasusque
466 683 573 767 biceps
592 694 623 748 et
639 683 729 768 Eryx
746 698 778 748 et
796 681 940 768 Cynthus
959 696 990 748 et
1008 681 1140 770 Othrys,

228 780 259 834 et
275 769 402 834 tandem
419 768 544 832 nivibus
562 768 717 855 Rhodope
735 769 883 846 caritura,
901 769 1082 851 Mimasque

226 854 453 938 Dindymaque
470 864 501 918 et
518 853 647 938 Mycale
664 864 818 937 natusque
836 854 877 918 ad
894 876 984 919 sacra
1001 852 1182 920 Cithaeron.

227 962 286 1004 nec
301 950 433 1024 prosunt
452 936 600 1022 Scythiae
617 962 676 1003 sua
693 940 823 1024 frigora:
843 936 1005 1003 Caucasus
1022 940 1111 1004 ardet

161 1046 210 1096 225
229 1024 376 1108 Ossaque
394 1046 467 1088 cum
483 1024 588 1088 Pindo
604 1024 766 1107 maiorque
784 1025 938 1088 ambobus
956 1023 1116 1111 Olympus

228 1111 391 1192 a'e'riaeque
408 1110 510 1194 Alpes
528 1120 559 1175 et
575 1110 702 1175 nubifer
719 1110 938 1194 Appenninus.

227 1205 295 1259 tum
312 1216 386 1259 vero
403 1194 572 1259 Phaethon
588 1194 709 1259 cunctis
727 1217 744 1259 e
761 1195 903 1279 partibus
921 1195 1030 1260 orbem

228 1281 339 1365 aspicit
356 1302 523 1345 accensum
540 1301 598 1344 nec
615 1290 718 1344 tantos
736 1280 867 1344 sustinet
884 1291 999 1356 aestus,

227 1366 445 1448 ferventesque
463 1387 555 1429 auras
573 1365 660 1429 velut
677 1388 695 1430 e
712 1365 839 1430 fornace
856 1366 1014 1450 profunda

161 1472 210 1524 200
228 1473 281 1515 ore
298 1450 393 1514 trahit
410 1471 583 1532 curmsque
600 1471 673 1513 suos
691 1451 877 1515 candescere
895 1451 999 1516 sentit.

228 1547 260 1601 et
276 1558 378 1619 neque
395 1536 458 1599 iam
475 1535 595 1599 cineres
613 1535 838 1618 eiectatamque
855 1536 996 1600 favillam

110 1639 112 1642 ’
227 1621 310 1686 ferre
334 1632 437 1705 potest
463 1620 627 1703 calidoque
644 1621 814 1685 involvitur
831 1622 971 1705 undique
989 1622 1087 1700 fumo,

228 1726 354 1789 quoque
372 1717 423 1769 eat
440 1716 494 1769 aut
511 1705 567 1769 ubi
584 1706 638 1781 sit,
655 1706 745 1791 picea
763 1706 895 1791 caligine
914 1717 1014 1771 tectus

227 1792 339 1866 nescit,
358 1802 389 1855 et
407 1791 535 1855 arbitrio
551 1792 715 1855 volucrum
732 1803 874 1876 raptatur
892 1813 1053 1875 equorum.

161 1897 209 1947 225
228 1899 283 1940 san
331 1877 381 1940 'ne
398 1887 466 1940 tum
484 1876 615 1940 credunt
631 1876 664 1940 in
682 1898 812 1961 corpora
829 1900 951 1941 summa
968 1888 1079 1942 vocato

227 1962 293 2025 Aet
315 1961 422 2045 iopum
439 1983 481 2045 po
503 1962 572 2024 ulos
588 1961 715 2046 nigrum
733 1963 865 2026 traxisse
882 1964 1017 2027 colorem
1023 1987 1032 2039 3

228 2057 295 2110 turn
313 2046 397 2110 facta
414 2058 461 2110 est
478 1984 582 2130 libye
599 2047 696 2131 raptis
713 2048 875 2111 umoribus
892 2059 982 2112 aestu

229 2131 332 2206 arida3
369 2142 436 2195 tum
452 2131 611 2216 nymphae
628 2132 729 2217 passis
747 2132 912 2215 fontesque
929 2134 1079 2216 lacusque

229 2217 384 2281 deflevere
401 2217 509 2280 comis.
552 2217 675 2300 quaerit
690 2217 823 2281 Boeotia
839 2217 969 2294 Dircen,

161 2323 211 2372 240
228 2303 335 2387 Argos
352 2303 568 2386 Amymonen,
586 2301 716 2387 Ephyre
733 2303 898 2368 Pirenidas
915 2304 1026 2367 undas.

126 2428 129 2435 ·
228 2409 287 2452 nec
305 2387 413 2452 sortita
429 2388 499 2452 loco
517 2387 667 2452 distantes
684 2388 815 2452 flumina
831 2389 915 2473 ripas

228 2483 297 2537 tuta
313 2483 455 2538 manent:
473 2473 584 2537 mediis
601 2473 718 2537 Tanais
736 2474 868 2538 fumavit
885 2474 918 2537 in
935 2474 1028 2538 undis

228 2558 417 2641 Peneusque
435 2580 531 2623 senex
548 2558 844 2642 Teuthranteusque
861 2556 978 2623 Caicus

229 2654 260 2708 et
277 2644 359 2708 celer
375 2644 517 2708 Ismenos
536 2665 608 2707 curn
624 2643 785 2728 Phegiaco
803 2643 1000 2728 Erymantho

161 2747 210 2799 245
228 2749 417 2811 arsurusque
433 2728 547 2793 iterum
564 2727 715 2792 Xanthus
732 2729 896 2812 flavusque
913 2729 1098 2813 Lycormas,

228 2814 345 2896 quique
363 2813 535 2878 recurvatis
551 2813 632 2877 ludit
648 2813 841 2878 Maeandrus
858 2816 891 2878 in
907 2815 1010 2891 undis,

227 2899 485 2984 Mygdoniusque
502 2898 606 2962 Melas
624 2910 656 2962 et
673 2898 846 2963 Taenarius
863 2898 1010 2963 Eurotas.

228 2983 303 3047 arsit
321 2996 352 3048 et
368 2982 549 3068 Euphrates
566 2983 776 3068 Babylonius,
794 2984 870 3048 arsit
888 2983 1036 3061 Orontes,

227 3068 491 3150 Thermodonque
509 3068 588 3133 citus
607 3066 801 3154 Gangesque
819 3081 850 3134 et
865 3068 979 3133 Phasis
998 3081 1029 3135 et
1045 3070 1164 3135 Hister.

160 3174 210 3223 250
228 3164 350 3218 aestuat
366 3153 526 3238 Alpheus,
544 3154 631 3239 ripae
649 3152 857 3239 Spercheides
875 3155 993 3230 ardent,

227 3240 374 3322 quodque
392 3260 448 3303 suo
466 3239 575 3324 Tagus
594 3262 685 3304 amne
702 3239 802 3316 vehit,
819 3240 889 3304 fluit
905 3240 1046 3325 ignibus,
1065 3264 1191 3306 aurum:

227 3336 258 3389 et
275 3345 355 3406 quae
372 3324 538 3388 Maeonias
556 3324 757 3389 celebrabant
773 3326 909 3389 carmine
926 3326 1010 3410 ripas

226 3410 393 3474 flumineae
410 3411 568 3485 volucres,
586 3409 689 3473 medio
707 3411 831 3475 caluere
849 3408 994 3495 Caystro.

226 3495 317 3558 Nilus
335 3495 367 3557 in
385 3505 560 3559 extremum
578 3495 661 3579 fugit
677 3497 859 3580 perterritus
877 3497 985 3560 orbem

160 3598 208 3646 255
227 3580 424 3662 occuluitque
443 3590 550 3664 caput:
569 3580 655 3662 quod
673 3580 776 3645 adhuc
792 3583 877 3645 latet.
921 3580 1000 3644 ostia
1017 3592 1137 3665 septem

227 3664 445 3747 pulverulenta
461 3675 588 3741 vacant,
607 3675 725 3749 septem
744 3666 811 3730 sine
828 3666 955 3730 flumine
973 3667 1080 3731 valles.

226 3750 291 3812 fors
310 3751 420 3813 eadem
437 3749 600 3826 Ismarios,
618 3751 764 3815 Hebrum
782 3773 854 3815 cum
872 3749 1055 3835 Strymone,
1074 3752 1171 3817 siccat

226 3835 461 3918 Hesperiosque
479 3858 597 3912 amnes,
614 3834 761 3900 Rhenum
774 3836 1026 3918 Rhodanumque
1038 3837 1237 3923 Padumque,

226 3918 339 4001 cuique
356 3918 416 3983 fuit
432 3944 537 3986 rerum
554 3921 706 4006 promissa
723 3921 875 4006 potentia,
893 3920 1057 4005 Thybrim.

159 4024 209 4076 200
228 4004 339 4068 dissilit
356 4025 448 4069 omne
466 4007 580 4083 solum,
599 4016 804 4091 penetratque
820 4005 853 4069 in
870 4006 1003 4069 Tartara
1019 4007 1106 4073 rimis

225 4089 332 4157 lumen
350 4100 382 4155 et
398 4089 556 4156 infernum
573 4101 668 4155 terret
684 4113 757 4156 cum
775 4091 908 4178 coniuge
925 4113 1042 4177 regem.
