2574 4478
168 240 210 305 60
502 250 536 304 Ρ.
556 249 678 306 OVIDII
696 246 859 305 NASONIS

168 377 202 441 in
219 375 330 440 mediis
349 375 442 439 ambo
462 374 608 460 deprensi
625 373 822 460 amplexibus
841 372 981 438 haerent.

104 481 151 532 185
169 463 323 527 Lemnius
342 461 500 545 extemplo
518 460 627 524 valvas
645 460 795 545 patefecit
812 459 948 523 eburnas

171 548 359 630 admisitque
378 546 463 611 deos.
506 545 552 610 illi
569 546 694 610 iacuere
711 545 800 630 ligati

171 634 318 719 turpiter3
337 644 431 715 atque
449 631 562 714 aliquis
580 631 620 694 de
639 630 686 694 dis
705 652 768 694 non
786 629 927 694 tristibus
945 639 1036 716 optat

172 720 217 784 sic
234 719 302 783 fieri
319 717 434 803 turpis:
453 718 558 802 superi
576 717 685 791 risere,
704 717 821 800 diuque

172 806 250 868 haec
268 803 329 867 fuit
346 803 378 866 in
396 813 462 867 toto
480 802 643 866 notissima
660 801 770 865 fabula
788 801 886 866 caelo.

106 910 154 958 190
214 889 325 974 Exigit
342 888 449 952 indicii
466 909 637 952 memorem
656 885 828 972 Cythereia
845 909 991 972 poenam,
1022 906 1185 972 (Larodes.)

171 977 268 1058 inque
286 975 371 1038 vices
388 974 492 1051 illum,
510 986 609 1037 tectos
628 973 682 1055 qui
698 973 790 1037 laesit
807 995 939 1050 amores,

172 1061 268 1126 laedit
285 1081 391 1124 amore
408 1059 486 1144 pari.
531 1058 607 1142 quid
623 1081 723 1135 nuno,
742 1059 926 1143 Hyperione
943 1071 1028 1136 nate,

73 1200 78 1211 .
172 1147 275 1211 forma
292 1146 439 1228 calorque
457 1144 515 1208 tibi
531 1144 715 1227 radiataque
732 1145 853 1208 lumina
869 1146 1020 1229 prosunt?

174 1255 288 1332 nempe
306 1231 368 1295 tuis
387 1252 495 1294 omnes
514 1229 569 1313 qui
587 1242 684 1294 terras
702 1230 829 1315 ignibus
846 1231 921 1307 uris,

109 1339 154 1387 195
173 1340 273 1382 1116116
290 1316 364 1401 igne
382 1338 479 1391 novo3
497 1316 615 1399 quique
633 1317 739 1379 omnia
757 1338 883 1380 cernere
902 1316 1009 1395 debes,

173 1402 381 1468 Leucothoen
400 1413 523 1485 spectas
542 1412 573 1465 et
590 1401 711 1485 virgine
729 1401 801 1486 figis
819 1402 852 1464 in
869 1424 942 1477 una,

174 1511 253 1572 quos
271 1489 390 1552 mundo
409 1487 519 1563 debes,
538 1487 655 1551 oculos.
699 1488 794 1550 modo
812 1488 915 1572 surgis
933 1487 1003 1553 Eoo

175 1574 344 1659 temperius
363 1573 464 1648 caelo,
483 1572 576 1636 modo
595 1572 694 1636 serius
711 1572 823 1636 incidis
840 1573 943 1649 undis,

175 1659 401 1745 spectandique
418 1679 507 1721 mora
524 1657 683 1721 brumales
701 1658 834 1743 porrigis
853 1658 962 1722 horas:

108 1769 158 1816 200
175 1745 283 1810 deficis
299 1743 473 1820 interdum,
491 1743 666 1826 vitiumque
686 1743 719 1806 in
736 1744 857 1809 lumina
873 1744 996 1830 mentis

176 1831 287 1896 transit
304 1841 335 1894 et
352 1829 505 1893 obscurus
524 1828 668 1892 mortalia
685 1841 813 1913 pectora
830 1846 938 1894 terres.

175 1938 249 1992 neo,
267 1915 325 1979 tibi
342 1914 428 1997 quod
444 1915 538 1978 lunae
556 1914 646 1978 terris
664 1915 818 2000 propioris
835 1916 941 2000 imago

177 2001 345 2076 obstiterit,
363 2001 476 2086 palles:
494 2000 570 2065 facit
587 2001 672 2064 huno
689 2022 777 2064 amor
793 2001 852 2065 iste
870 2001 1017 2066 colorem.

177 2087 281 2172 diligis
298 2086 380 2150 hano
398 2108 504 2150 unam.
547 2096 655 2150 necte
674 2084 893 2170 Clymeneque
910 2086 1116 2171 Rhodosque,
1179 2159 1182 2166 ,

110 2197 159 2245 tos
178 2194 236 2237 nec
254 2183 340 2237 tenet
357 2172 485 2236 Aeaeae
503 2172 647 2256 genetrix
663 2171 875 2256 pulcherrima
893 2169 1013 2250 Circes,

178 2280 321 2342 quaeque
339 2269 410 2321 tuos
429 2255 534 2342 Clytie
552 2258 697 2341 quamvis
716 2258 865 2342 despecta
882 2259 1011 2343 petebat

178 2343 378 2419 concubitus,
395 2343 528 2427 ipsoque
545 2343 598 2406 illo
616 2366 713 2427 grave
731 2343 846 2407 vulnus
864 2343 1002 2408 habebat

178 2440 332 2513 tempore:
351 2428 536 2492 Leucothoe
553 2428 723 2492 multarum
741 2429 857 2492 oblivia
874 2428 960 2506 fecit,

177 2515 280 2599 gentis
298 2513 472 2578 odoriferae
491 2534 587 2597 quam
603 2514 829 2577 formosissima
846 2526 939 2599 partu

112 2623 160 2670 210
179 2600 276 2665 edidit
293 2599 487 2683 Eurynome.
531 2599 587 2664 sed
604 2611 770 2684 postquam
787 2600 853 2663 filia
870 2599 977 2675 crevit,

178 2707 274 2770 quam
291 2696 391 2748 mater
409 2694 552 2759 cunctas,
570 2696 635 2747 tam
652 2696 785 2748 matrem
802 2685 867 2749 filia
883 2685 967 2749 vicit.
1062 2737 1064 2741 .

179 2769 260 2834 rexit
276 2769 509 2834 Achaemenias
526 2770 621 2834 urbes
639 2780 728 2854 pater
746 2768 941 2847 Orchamus,
958 2771 1050 2854 isque

180 2855 331 2940 septimus
350 2878 368 2919 a
386 2855 489 2940 prisco
506 2867 689 2919 numeratur
706 2856 827 2940 origine
844 2857 934 2920 Belo.

180 2964 239 3004 axe
257 2942 316 3004 suh
335 2941 491 3025 Hesperio
509 2952 583 3004 sunt
600 2962 718 3025 pascua
736 2940 820 3007 Solis
839 2963 1006 3025 equorum:

112 3047 161 3095 215
180 3026 368 3090 ambrosiam
386 3047 444 3111 pro
462 3027 604 3110 gramine
622 3027 753 3090 habent:
772 3050 810 3091 ea
826 3028 911 3090 fessa
929 3027 1049 3092 diurnis

179 3112 321 3176 membra
338 3112 516 3176 ministeriis
534 3112 631 3175 nutrit
648 3122 837 3197 reparatque
854 3112 963 3176 labori.

181 3199 319 3281 dumque
337 3197 381 3260 ibi
400 3197 620 3282 quadrupedes
638 3198 786 3262 caelestia
802 3197 920 3282 pabula
937 3209 1081 3281 carpunt,

180 3305 306 3366 noxque
325 3283 425 3347 vicem
443 3284 580 3368 peragit,
598 3283 753 3347 thalamos
771 3283 848 3347 deus
866 3283 962 3347 intrat
979 3296 1101 3348 amatos

179 3391 289 3433 versus
306 3369 338 3431 in
356 3366 556 3452 Eurynomes
573 3367 687 3433 faciem
704 3369 886 3453 genetricis,
906 3379 937 3432 et
953 3369 1036 3432 inter

114 3475 163 3523 220
181 3453 230 3517 bis
249 3477 305 3519 sex
322 3453 528 3518 Leucothoen
546 3454 682 3518 famulas
700 3455 741 3518 ad
759 3455 879 3518 lumina
897 3455 995 3518 cernit

179 3539 263 3603 levia
280 3551 405 3604 versato
423 3540 590 3604 ducentem
608 3540 743 3603 stamina
760 3539 842 3604 fuso

181 3646 256 3708 ergo
273 3625 329 3689 ubi
347 3647 406 3690 ceu
424 3636 524 3690 mater
541 3647 632 3689 carae
650 3625 737 3690 dedit
754 3626 862 3689 oscula
878 3635 981 3701 natae,

189 3709 279 3773 “res’'
299 3710 341 3774 ait
360 3717 500 3775 “arcana
517 3721 574 3774 est.
617 3711 769 3787 famulae,
788 3710 948 3786 discedite,
966 3733 1048 3776 neve

181 3794 291 3878 eripite
310 3795 471 3860 arbitrium
490 3795 583 3860 matri
600 3807 722 3861 secreta
738 3795 918 3879 loquendi.’'

112 3899 161 3946 225
179 3892 358 3964 paruerant.
402 3882 604 3965 thalamoque
622 3880 700 3946 deus
718 3882 785 3946 sine
802 3891 882 3946 teste
899 3880 1007 3945 relicto

180 3964 256 4028 “ille
275 3987 334 4051 ego
353 3966 453 4041 sum,’'
473 3967 551 4031 dixit
570 3967 649 4049 “qui
666 3966 718 4031 lon
743 3990 797 4030 um
814 3965 926 4030 metior
943 3989 1072 4044 annum,

180 4050 286 4115 omnia
302 4051 357 4135 qui
374 4051 482 4128 video,
499 4075 558 4144 per
575 4073 671 4146 quem
687 3990 775 4119 videt
792 4051 898 4117 omnia
915 4052 1018 4130 tellus,
