2574 4478
222 114 590 173 METAMORPHOSEON
606 116 678 171 LlB.
696 116 775 174 vm.
794 118 939 174 tae-626.
1030 103 1091 169 139

68 240 220 316 intumui,
238 251 438 324 quantusque
455 239 553 316 feror,
572 261 645 304 cum
662 240 829 325 plurimus,
848 263 999 323 unquam,

68 337 176 392 tantus
195 348 296 402 eram,
313 327 491 411 pariterque
509 325 621 390 animis
638 324 784 390 immanis
803 337 834 391 et
850 326 944 390 undis

69 438 88 478 a
107 412 195 477 silvis
213 412 308 476 silvas
325 422 357 476 et
374 411 415 475 ab
433 411 516 476 arvis
534 434 610 476 arva
626 411 753 488 revulsi,
1110 433 1159 482 585

70 519 208 580 cumque
225 499 294 562 loco
312 496 482 583 nymphas,
501 518 655 562 memores
673 507 741 561 tum
759 497 896 580 denique
913 498 1022 576 nostri,

69 585 104 648 in
121 583 204 648 freta
220 583 373 668 provolvi.
416 583 530 648 fluctus
546 593 715 667 nosterque
733 583 891 665 marisque

71 668 255 735 continuam
272 668 395 732 diduxit
412 667 544 732 humum
561 679 730 754 partesque
747 669 869 732 revellit

69 755 104 819 in
121 753 268 830 totidem,
286 753 398 818 mediis
416 768 494 836 quot
512 753 613 819 cernis
631 754 811 818 Echinadas
830 753 932 817 undis.
1109 778 1159 828 555

113 838 163 905 Ut
179 850 286 904 tamen
298 839 366 924 ipse
379 839 478 916 vides,
495 841 606 925 procul
619 862 660 905 en
676 840 785 923 procul
803 862 868 904 una
880 840 1008 906 recessit
1025 858 1158 914 Pet-tmere.

68 926 176 990 insula
192 935 284 1011 grata
299 925 391 989 mihi:
408 924 587 990 Perimelen
603 925 710 988 navita
728 924 812 990 dicit.

69 1011 147 1074 huic
165 1032 225 1094 ego
242 1010 419 1094 virgineum
438 1010 570 1074 dilectae
587 1032 702 1075 nomen
720 1009 832 1075 ademi.

70 1095 160 1180 quod
176 1106 266 1180 pater
282 1095 502 1181 Hippodamas
520 1118 613 1181 aegre
631 1096 717 1173 tulit,
735 1097 832 1179 inque
848 1096 1042 1181 profundum

69 1182 211 1266 propulit
228 1203 245 1244 5
264 1181 393 1265 scopulo
410 1181 569 1265 periturae
588 1202 719 1266 corpora
735 1193 837 1245 natae.

69 1266 197 1351 excepi,
214 1276 405 1347 nantemque
422 1265 527 1330 ferens
546 1272 590 1330 “o
607 1267 751 1366 proxima
768 1266 879 1330 mundi
1109 1291 1158 1339 555

68 1374 171 1436 regna
188 1351 313 1436 vagae”
332 1350 398 1414 dixi
415 1352 547 1417 “sortite
564 1351 757 1417 Tndentifer
774 1352 888 1430 undae,

69 1437 163 1500 adfer
180 1458 286 1521 opem,
303 1458 503 1520 mersaeque,
543 1459 640 1514 recor,
659 1436 782 1501 feritate
823 1448 931 1502 aterna

70 1522 127 1597 da,
145 1521 304 1606 Neptune,
320 1522 436 1585 locum.
479 1459 589 1586 velsit
606 1523 694 1587 locus
711 1523 791 1607 ipsa,
799 1460 946 1588 iicebit?

70 1607 149 1671 dum
165 1608 287 1689 loquor,
306 1609 452 1692 amplexa
469 1618 516 1671 est
534 1619 620 1672 artus
637 1629 722 1673 nova
738 1618 821 1675 terra
838 1620 992 1688 natantes,

68 1703 103 1758 et
119 1693 227 1778 gravis
243 1691 377 1757 increvit
392 1692 520 1757 mutatis
537 1693 640 1758 insula
657 1693 826 1759 membris?
1109 1718 1158 1769 555

112 1778 229 1841 Amnis
248 1777 355 1841 abhis
373 1778 480 1842 tacuit.
525 1778 645 1843 factum
663 1780 806 1844 mirabile
824 1791 954 1845 cunctos

67 1874 223 1928 moverat.
266 1862 375 1927 irridet
393 1863 568 1941 credentes,
586 1875 684 1947 utque
702 1865 834 1929 deorum

68 1959 194 2033 spretor
210 1959 278 2013 erat
294 1947 470 2032 mentisque
487 1949 577 2014 ferox
594 1949 706 2014 Ixione
723 1961 827 2028 natus,

69 2035 160 2098 ‘ficta
177 2032 275 2098 refers
293 2034 489 2117 nimiumque
507 2045 614 2119 putas,
633 2035 789 2110 Acheloe,
807 2047 952 2120 potentes

67 2142 140 2184 esse
158 2119 253 2194 deos,’
272 2119 351 2183 dixit
368 2120 410 2184 ‘si
427 2120 503 2184 dant
520 2119 726 2203 adimuntque
743 2121 882 2206 figuras’
1109 2146 1156 2198 555

67 2204 251 2289 obstipuere
269 2226 377 2269 omnes
394 2227 454 2269 nec
472 2206 548 2269 talia
566 2205 650 2269 dicta
666 2205 854 2290 probarunt:

67 2300 144 2355 ante
161 2310 333 2372 omnesque
351 2289 468 2367 Lelex,
487 2292 591 2354 animo
609 2301 750 2355 maturus
770 2302 801 2356 et
819 2312 908 2367 aevo,
990 2327 1123 2380 Philemon
1135 2338 1158 2383 e,

67 2374 114 2440 sic
132 2374 191 2439 ait:
209 2375 376 2440 ‘immensa
394 2387 441 2441 est
458 2375 616 2459 finemque
634 2376 776 2461 potentia
793 2376 872 2441 caeli
1017 2396 1122 2450 Baucis.

65 2481 134 2525 non
151 2459 261 2534 habet,
279 2471 311 2525 et
328 2460 480 2544 quioquid
497 2461 603 2546 superi
620 2461 764 2539 voluere,
781 2472 945 2546 peractum
964 2476 1021 2530 est.

65 2565 195 2629 quoque
213 2545 317 2609 minus
334 2545 475 2611 dubites:
494 2547 579 2611 tiliae
598 2547 792 2613 contermina
809 2568 945 2630 quercus
1108 2571 1158 2622 610

65 2630 202 2696 collibus
220 2641 268 2695 est
284 2630 449 2716 Phrygiis,
467 2631 591 2696 modico
609 2632 803 2697 circumdata
820 2653 921 2697 muro.

64 2716 136 2801 ipse
154 2716 259 2780 locum
280 2717 355 2780 vidi:
373 2739 447 2780 nam
463 2739 515 2782 me
532 2716 684 2804 Pelope'ia
700 2717 848 2783 Pittheus

64 2801 154 2865 misit
170 2801 203 2864 in
222 2824 298 2865 arva
315 2822 373 2865 suo
390 2802 551 2884 quondam
568 2814 702 2889 regnata
718 2804 852 2888 parenti.

64 2886 154 2950 haud
171 2886 281 2971 procul
298 2885 372 2952 hinc
390 2898 538 2973 stagnum
556 2899 616 2952 est:
635 2890 729 2953 tellus
746 2888 926 2954 habitabilis
944 2890 1029 2969 olim,

64 2994 152 3036 nunc
171 2971 309 3036 celebres
327 2971 444 3058 mergis
462 2971 630 3057 fulicisque
646 2975 838 3058 palustribus
855 2976 970 3042 undae.
1107 2995 1156 3048 615

63 3056 212 3141 Iuppiter
228 3057 291 3121 huc
308 3057 412 3207 specie
430 3057 568 3136 mortali,
586 3080 722 3142 cumque
738 3071 868 3144 parente

63 3143 154 3207 venit
171 3142 314 3206 Atlantia
337 3166 371 3207 55
388 3143 498 3228 positis
516 3144 676 3209 caducifer
693 3144 760 3209 alis.

62 3227 153 3291 mille
171 3227 281 3291 domos
299 3228 418 3306 adiere,
436 3231 542 3294 locum
559 3230 764 3314 requiemque
782 3241 940 3316 petentes:

63 3312 152 3376 mille
171 3313 281 3376 domos
299 3314 439 3379 clausere
458 3337 556 3380 serae.
599 3327 705 3380 tamen
722 3339 787 3381 una
803 3318 932 3402 recepit,

63 3420 166 3482 parva
184 3397 326 3479 quidem,
344 3399 467 3484 stipulis
485 3413 517 3465 et
534 3422 635 3465 canna
652 3412 735 3466 tecta
775 3404 896 3467 alustri:
1107 3424 1157 3475 620

65 3482 123 3548 sed
140 3482 194 3567 pia
211 3483 329 3548 Baucis
347 3506 426 3549 anus
444 3485 598 3569 parilique
618 3497 720 3552 aetate
768 3487 907 3552 hilemon

64 3568 121 3632 illa
138 3578 214 3632 sunt
231 3568 321 3632 annis
339 3569 439 3635 iuncti
456 3570 669 3648 iuvenalibus,
686 3571 741 3637 illa

65 3674 261 3717 consenuere
280 3674 362 3718 casa.
405 3666 687 3741 paupertatemque
704 3657 833 3722 fatendo

64 3737 201 3802 effecere
219 3739 322 3802 levem
339 3762 398 3804 nec
415 3741 524 3823 iniqua
540 3753 645 3806 mente
663 3743 802 3807 ferendo.

63 3823 255 3900 merefort,
274 3825 416 3890 dominos
433 3826 497 3891 illic
515 3826 691 3893 famulosne
709 3829 865 3912 requiras:
1107 3850 1155 3902 62³

63 3920 132 3975 tota
151 3910 264 3975 domus
282 3911 346 3975 duo
364 3922 451 3991 sunt,
468 3911 552 3978 idem
570 3925 744 4000 parentque
760 3914 943 3999 iubentque.
1149 3922 1153 3931 '
