2574 4478
246 242 612 304 METAMORPHOSEON
628 243 701 300 LIB.
719 243 800 299 XIII.
820 244 963 300 119-206.
1055 228 1116 295 217

96 368 276 434 dissimulat
294 368 380 434 cultu
396 379 517 447 natum,
535 379 566 435 et
585 370 751 454 deceperat
770 390 890 446 omnes,

95 456 131 521 in
148 455 265 539 quibus
283 454 431 531 Aiacem,
449 466 594 541 sumptae
611 454 737 520 fallacia
754 457 860 520 vestis.

97 564 188 606 arma
205 562 266 626 ego
283 540 429 605 femineis
447 541 587 605 animum
604 551 729 604 motura
746 541 868 606 virilem
1139 557 1186 607 161

97 625 257 691 mercibus
275 625 406 690 inserui:
424 647 527 708 neque
545 626 841 711 adhucproiecerat
858 626 950 691 heros

97 711 258 797 virgineos
276 710 417 786 habitus,
436 734 508 775 cum
526 734 668 796 parmam
686 711 873 794 hastamque
890 712 1009 776 tenenti

98 804 197 861 “nate
217 796 306 873 dea,”
325 795 391 860 dixi
409 795 492 860 “tibi
508 819 542 860 se
560 797 699 881 peritura
716 807 878 862 reservant

97 881 268 966 Pergama.
312 881 390 964 quid
408 880 534 945 dubitas
551 882 711 966 ingentem
730 893 870 946 evertere
887 881 1059 947 Troiam?”

97 967 254 1050 iniecique
271 989 417 1043 manum,
435 966 613 1049 fortemque
631 967 672 1031 ad
689 967 784 1032 fortia
801 967 882 1032 misi.
900 1003 944 1014 -—
1119 992 1122 999 ’
1140 989 1189 1039 110

99 1074 175 1137 ergo
193 1074 290 1136 opera
307 1052 390 1115 illius
407 1075 480 1116 mea
496 1063 579 1116 sunt.
623 1074 683 1137 ego
701 1052 866 1137 Telephon
882 1051 974 1117 hasta

97 1149 294 1223 pugnantem
311 1137 435 1201 domui:
452 1137 572 1201 victum
589 1147 795 1220 orantemque
812 1137 919 1201 refeci.

98 1224 187 1306 quod
203 1221 335 1287 Thebae
353 1221 509 1299 cecidere,
527 1245 634 1287 meum
652 1233 709 1287 est.
752 1246 803 1287 me
822 1223 938 1288 credite
957 1222 1098 1300 Lesbon,

97 1331 149 1373 me
168 1307 321 1372 Tenedon
340 1304 548 1392 Chrysenque
567 1318 598 1373 et
616 1305 736 1384 Cillan,
754 1307 912 1393 Apollinis
930 1309 1035 1387 urbes,

98 1404 130 1458 et
149 1391 287 1478 Scyrum
305 1392 425 1477 cepisse
431 1417 440 1470 ;
458 1417 529 1458 mea
547 1415 700 1458 concussa
715 1404 825 1479 putate
1140 1415 1188 1464 111

97 1478 305 1564 procubuisse
323 1478 390 1542 solo
407 1477 565 1563 Lyrnesia
581 1479 707 1543 moenia
724 1479 844 1543 dextra.

98 1575 197 1648 utque
216 1564 293 1628 01100
311 1574 447 1628 taceam:
467 1564 522 1647 qui
539 1587 670 1629 saevum
686 1565 819 1649 perdere
837 1576 943 1649 posset

98 1651 255 1726 Hectora,
272 1671 387 1734 nempe
406 1649 493 1713 dedi:
511 1672 635 1734 perine
652 1649 734 1715 iacet
751 1650 877 1715 inclitus
895 1651 1030 1716 Hectori

98 1734 160 1798 illis
178 1733 258 1799 haec
275 1734 386 1812 armis,
404 1735 520 1817 quibus
537 1745 584 1799 est
601 1735 749 1800 inventus
766 1736 921 1814 Achilles,

98 1843 188 1885 arma
205 1831 294 1905 peto:
312 1820 385 1885 vivo
403 1820 565 1895 dederam,
582 1831 654 1905 post
671 1822 738 1886 fata
754 1844 896 1906 reposca.
909 1857 953 1868 —
1141 1843 1189 1893 180

98 1917 135 1970 ut
153 1906 243 1970 dolor
260 1905 354 1970 unius
372 1904 504 1970 Danaos
522 1905 663 1990 pervenit
682 1907 724 1970 ad
741 1928 860 1983 omnes,

98 1990 282 2074 Aulidaque
300 1990 476 2055 Euboicam
494 1991 690 2076 complerunt
706 1993 792 2057 mille
810 1991 945 2070 carinae,

98 2087 265 2162 expectata
282 2076 351 2153 diu,
368 2076 456 2140 nulla
473 2087 528 2141 aut
545 2076 702 2141 contraria
719 2077 812 2142 classi

97 2162 228 2227 flamine
245 2171 347 2238 erant3
365 2161 526 2245 duraeque
543 2161 654 2226 iubent
670 2163 916 2247 Agamemnona
932 2175 1032 2230 sortes

97 2247 289 2312 immeritam
306 2270 420 2312 saevae
436 2258 545 2311 natam
562 2257 700 2312 mactare
718 2246 853 2313 Dianae.
1142 2272 1190 2321 185

99 2335 238 2418 denegat
254 2333 314 2396 hoc
331 2332 455 2418 genitor
472 2332 616 2416 divisque
633 2332 777 2397 irascitur
794 2334 880 2418 ipsis,

99 2430 196 2502 atque
214 2418 247 2482 in
264 2440 339 2502 rege
357 2429 463 2482 temen
480 2429 570 2503 pater
587 2428 644 2482 est.
689 2441 749 2503 ego
767 2420 842 2483 mite
859 2419 997 2504 parentis

98 2503 263 2589 ingenium
281 2502 386 2568 verbis
404 2504 445 2568 ad
462 2503 590 2588 publica
607 2504 772 2568 commoda
790 2505 879 2569 verti.

100 2590 186 2655 hano
203 2589 349 2672 equidem
355 2587 476 2666 (fateor,
494 2588 643 2672 fassoque
660 2589 803 2674 ignoscat
821 2590 961 2673 Atrides)

100 2674 263 2739 difficilem
281 2675 369 2738 tenui
386 2673 446 2738 sub
463 2674 572 2757 iniquo
589 2673 694 2740 iudice
712 2696 851 2740 causam.
1143 2697 1192 2747 110

99 2760 185 2825 hunc
203 2771 309 2824 tamen
326 2758 444 2824 utilitas
462 2760 571 2844 populi
589 2759 748 2844 fraterque
766 2760 892 2845 datique

100 2868 226 2911 summa
243 2856 350 2910 movet
366 2845 496 2930 sceptri,
514 2845 641 2910 laudem
658 2857 695 2910 ut
713 2867 785 2910 cum
803 2845 957 2931 sanguine
975 2856 1099 2930 penset:

99 2931 207 2995 mittor
224 2940 255 2994 01
273 2931 314 2994 ad
331 2941 478 3007 matrem,
496 2952 577 3014 quae
594 2953 658 2995 non
675 2929 845 3008 hortanda,
863 2932 919 2996 sed
937 2943 1008 2995 astu

101 3015 288 3100 decipienda
304 3015 374 3079 fuit.
419 3038 482 3099 quo
501 3017 527 3080 si
545 3016 748 3081 Telamonius
766 3017 851 3094 isset,

100 3102 179 3166 orba
196 3101 262 3165 suis
280 3111 383 3166 essent
401 3102 572 3166 etiamnum
589 3101 686 3166 lintea
702 3101 814 3166 ventis.
832 3138 876 3150 -

101 3186 210 3252 mittor
227 3197 258 3251 01
275 3186 389 3251 Iliacas
407 3187 512 3251 audax
529 3197 633 3251 orator
650 3187 691 3251 ad
709 3210 806 3264 arces,

101 3273 234 3356 visaque
252 3281 283 3337 et
300 3271 415 3337 intrata
433 3283 480 3337 est
497 3272 578 3336 altae
595 3271 673 3336 mihi
690 3273 778 3337 curia
794 3273 923 3338 Troiae:

100 3359 259 3444 plenaque
277 3357 381 3422 adhuc
399 3369 466 3423 erat
482 3358 536 3421 illa
553 3357 638 3422 viris.
681 3358 840 3423 interritus
858 3360 919 3443 egi,

101 3465 197 3528 quam
215 3443 292 3507 mihi
309 3443 475 3507 mandarat
492 3443 666 3507 communis
685 3442 823 3510 Graecia
840 3467 978 3520 causam,

101 3551 280 3613 accusoque
297 3528 406 3593 Parim
423 3529 636 3614 praedamque
653 3529 874 3612 Helenamque
890 3550 1021 3614 reposco
1143 3550 1193 3600 200

102 3626 132 3680 et
148 3636 262 3679 moveo
279 3613 443 3679 Priamum
459 3613 652 3698 Priamoque
669 3615 835 3679 Antenora
850 3616 1003 3680 iunctum.

102 3711 135 3765 at
151 3699 246 3765 Paris
263 3709 295 3764 et
312 3699 439 3776 fratres,
457 3709 488 3764 et
506 3699 561 3783 qui
579 3722 711 3784 rapuere
729 3699 788 3764 sub
805 3700 870 3777 illo,

101 3785 155 3850 vix
173 3797 304 3850 tenuere
322 3808 434 3849 manus
451 3821 494 3830 —
512 3785 572 3848 sois
589 3783 665 3861 hoc,
683 3784 845 3850 Menelael
863 3821 907 3833 —
923 3785 1087 3863 nefandas,

123 3871 267 3955 rimeque
284 3870 340 3935 lux
356 3869 456 3935 nostri
473 3880 578 3934 tecum
594 3869 655 3933 fuit
671 3870 725 3934 illa
741 3870 911 3954 pericli.—

99 3893 198 4058 lbnga
214 3954 331 4022 referre
348 3978 437 4020 mora
454 3965 516 4032 est,
534 3976 616 4039 quae
634 3954 827 4040 consilioque
844 3977 1003 4042 manuque
1141 3977 1191 4029 105

101 4043 220 4109 01111101
237 4040 299 4108 feci
316 4041 446 4127 spatiosi
463 4051 604 4126 tempore
621 4039 705 4106 belli.
