2574 4478
63 4148 70 4177 l

175 284 238 353 238
505 302 540 356 P.
560 301 684 359 ovum
701 301 864 360 uasorus

156 412 277 509 .'paruit
294 425 423 488 Aeneas
441 434 472 488 et
490 424 697 489 formidabilis
716 423 795 490 Orci

173 509 252 574 vidit
270 531 345 594 opes
364 525 534 592 atavosque
553 532 627 574 suos
645 511 854 594 umbramque
873 511 1004 577 senilem

171 594 365 679 magnanimi
382 594 553 659 Anchisae.
597 595 706 661 didicit
723 618 849 680 quoque
866 596 936 661 iura
953 598 1105 678 locorum,

172 701 316 763 quaeque
334 679 424 744 novis
442 691 547 744 essent
563 681 710 745 adeunda
726 683 867 766 pericula
885 682 985 748 bellis.

106 786 155 835 120
172 764 245 830 inde
263 766 367 829 ferens
384 765 483 829 lassos
502 767 635 831 adverso
654 767 776 832 tramite
794 790 918 852 passus,

173 873 246 915 cum
264 851 343 915 duce
364 848 507 916 Cumaea
523 852 623 916 mollit
640 874 783 918 sermone
801 853 956 918 laborem:

172 936 311 1019 dumque
328 937 388 1000 iter
404 937 596 1000 horrendum
614 960 670 1022 per
688 960 787 1022 opaca
804 939 990 1023 crepuscula
1008 941 1119 1027 carpit,

173 1029 243 1086 ‘seu
261 1022 320 1085 dea
337 1034 372 1086 tu
390 1044 553 1106 praesens,
572 1045 627 1086 seu
646 1023 693 1087 dis
711 1024 908 1108 gratissima‚’
928 1025 1008 1088 dixit

172 1107 323 1171 ‘num‘mis
341 1107 439 1171 instar
456 1106 516 1171 eris
534 1130 658 1193 semper
675 1109 768 1186 mihi;
785 1131 899 1193 meque
916 1110 1042 1176 fatebor

106 1213 154 1262 125
172 1193 310 1258 muneris
328 1214 396 1256 esse
414 1193 474 1268 tui,
493 1214 574 1275 quae
591 1216 642 1258 me
659 1195 730 1258 loca
746 1195 854 1259 mortis
873 1195 969 1272 adire,

172 1300 255 1361 quae
271 1278 342 1342 loca
360 1300 411 1342 me
429 1277 515 1343 visae
533 1279 660 1343 voluisti
677 1281 811 1345 evadere
827 1282 946 1345 mortis.

171 1385 229 1448 pro
246 1363 361 1446 quibus
380 1363 479 1427 adrias
496 1364 614 1428 meritis
632 1377 760 1430 evectus
777 1367 818 1429 ad
837 1389 929 1430 auras

171 1449 289 1534 templa
306 1448 363 1513 tibi
381 1459 532 1524 statuam,
550 1449 686 1513 tribuam
704 1451 760 1515 tibi
778 1452 856 1515 turis
873 1451 1029 1517 honores.’

171 1535 298 1619 respicit
315 1534 399 1598 hunc
416 1545 504 1598 vates
522 1545 554 1599 et
571 1536 778 1619 suspiratibus
795 1536 915 1601 haustis

106 1639 154 1689 130
172 1626 245 1684 ‘nec
262 1620 322 1683 dea
339 1618 430 1693 sum,'
449 1619 527 1683 dixit
545 1626 617 1686 ‘neo
635 1621 714 1685 sacri
732 1622 810 1685 turis
828 1622 946 1687 honore

171 1705 346 1769 humanum
363 1705 494 1790 dignare
512 1717 616 1790 caput.
661 1728 723 1770 neu
740 1707 865 1772 nescius
883 1729 983 1772 erres:

171 1791 228 1854 lux
245 1801 371 1854 aeterna
388 1789 465 1853 mihi
484 1791 681 1875 carituraque
699 1792 761 1857 fine
779 1792 924 1870 dabatur,

172 1875 199 1938 si
215 1898 287 1939 mea
303 1875 466 1960 virginitas
483 1874 616 1940 Phoebo
633 1877 787 1961 patuisset
804 1879 931 1942 amanti.

173 1960 249 2024 dum
266 1971 371 2025 tamen
389 1960 471 2024 hanc
488 1973 607 2045 sperat,
627 1962 702 2026 dum
720 1984 998 2048 praecorrumpere
1017 1965 1107 2030 donis

105 2065 153 2114 135
172 2069 223 2111 me
241 2045 343 2131 cupit,
362 2045 478 2131 ‘elige'
496 2047 540 2111 ait
558 2047 662 2132 ‘virgo
681 2046 837 2123 Cumaea,
856 2049 933 2131 quid
950 2059 1056 2134 optes:

172 2131 287 2216 optatis
304 2131 422 2216 potiere
440 2131 523 2196 tuis.'
568 2154 628 2217 ego
646 2133 785 2218 pulveris
802 2134 905 2198 hausti

171 2215 293 2280 ostendi
311 2218 486 2281 cumulum:
505 2227 582 2300 quot
599 2218 728 2280 haberet
748 2236 879 2298 corpora
897 2213 1013 2298 pulvis,

170 2312 217 2367 tot
234 2299 312 2363 mihi
327 2299 447 2364 natales
465 2297 646 2382 contingere
664 2319 747 2361 vana
763 2295 889 2382 rogavi:

172 2387 289 2452 excidit
305 2394 340 2448 ut
358 2396 498 2469 peterem
515 2383 645 2446 iuvenes
662 2402 789 2465 quoque
805 2381 948 2466 protinus
967 2401 1077 2444 annos.

106 2493 155 2542 140
171 2473 230 2537 hos
248 2483 354 2535 tamen
371 2469 424 2534 ille
441 2468 519 2532 mihi
537 2468 634 2532 dabat
651 2480 872 2550 aeternamque
890 2465 1064 2542 iuventam,

172 2558 198 2622 si
215 2558 374 2623 Venerem
392 2565 524 2639 paterer.
569 2563 748 2700 contempto
766 2573 896 2616 munere
912 2549 1040 2614 Phoebi

171 2642 291 2707 innuba
308 2660 486 2726 permaneo.
531 2639 587 2703 sed
604 2637 669 2702 iam
700 2637 807 2702 elicior
823 2648 910 2702 aetas

172 2738 263 2812 terga
280 2727 380 2802 dedit,
399 2725 596 2806 tremuloque
613 2723 714 2807 gradu
732 2722 819 2787 venit
836 2744 933 2806 aegra
950 2731 1105 2797 senectus,

172 2834 254 2896 quae
271 2810 419 2896 patienda
437 2810 490 2873 diu
509 2821 566 2874 est.
609 2832 683 2872 nam
700 2809 764 2872 iam
781 2806 859 2871 mihi
876 2806 1003 2870 saecula
1020 2819 1136 2892 septem

107 2919 155 2968 145
172 2909 243 2963 acta
259 2898 362 2962 vides:
380 2905 539 2981 superest,
555 2915 704 2958 numeros
722 2905 758 2957 ut
774 2891 912 2978 pulveris
931 2912 1076 2974 aequem,

172 2995 220 3049 ter
237 2994 364 3049 centum
381 3003 514 3056 messes,
532 2990 580 3044 ter
597 2991 723 3043 centum
741 2989 845 3042 musta
861 2977 978 3042 videre.

172 3080 298 3154 tempus
316 3068 388 3144 erit,
406 3089 479 3131 cum
494 3066 536 3130 de
553 3076 640 3130 tanto
658 3087 710 3130 me
728 3085 859 3149 corpore
875 3084 1009 3148 parvam

172 3156 269 3240 longa
286 3153 352 3218 dies
369 3153 478 3228 faciet,
497 3160 745 3234 consumptaque
762 3149 904 3214 membra
922 3159 1050 3213 senecta

173 3241 215 3306 ad
232 3239 397 3304 minimum
413 3237 597 3322 redigentur
613 3257 703 3301 onus.
747 3244 928 3300 neoamata
945 3233 1077 3298 videbor

74 3335 77 3338 ’
106 3346 156 3396 150
172 3348 232 3392 nec
248 3324 405 3411 placuisse
422 3324 492 3388 deo.
536 3321 687 3386 Phoebus
705 3342 831 3404 quoque
848 3318 978 3384 forsitan
997 3318 1065 3403 ipso

172 3412 224 3478 vel
240 3432 305 3476 non
321 3420 491 3495 cognoscet
507 3409 559 3472 vel
577 3407 723 3472 dilexisse
739 3406 877 3490 negabit.

173 3518 275 3581 usque
293 3495 372 3561 adeo
389 3505 511 3559 mutata
528 3494 622 3558 ferar.
665 3491 806 3575 nullique
823 3488 959 3555 videnda

173 3605 252 3649 voce
268 3593 375 3648 tamen
392 3601 519 3645 noscar:
537 3599 648 3643 vocem
665 3576 743 3640 mihi
759 3577 826 3641 fata
842 3573 1039 3657 relinquent?

215 3668 307 3733 Talia
325 3688 501 3732 convexum
514 3686 575 3816 per
590 3664 651 3728 iter
667 3672 859 3727 memorante
878 3660 1011 3744 Sibylla,

107 3773 156 3825 155
174 3754 302 3820 sedibus
319 3752 496 3817 Euboicam
541 3749 635 3834 tygiis
653 3747 786 3832 emergit
802 3747 836 3810 in
853 3746 965 3810 urbem

174 3840 288 3904 Troius
308 3839 448 3912 Aeneas,
466 3836 626 3918 sacrisque
643 3857 683 3899 ex
700 3854 788 3898 more
803 3831 900 3896 litatis

173 3926 266 3991 litora
283 3924 349 3989 adit
364 3923 506 3987 nondum
522 3920 651 3986 nutricis
668 3918 818 3984 habentia
833 3938 959 3982 nomen.

175 4011 228 4076 hic
236 4031 363 4094 quoque
372 4009 553 4073 substiterat
561 4015 632 4092 post
640 4005 804 4070 taedialou
829 4003 1005 4067 alaborum
1027 4010 1181 4071 Acamas

174 4094 314 4165 Neritius
323 4095 615 4173 Macareusaomes
624 4089 813 4180 experientis
852 4086 1181 4167 ligeiflaetl’olyptmca

1152 4192 1189 4422 l
