2574 4478
195 256 561 316 METAMORPHOSEON
578 255 650 311 LIB.
669 255 747 312 XIV.
766 254 909 310 644—731.
999 236 1060 305 251

40 387 165 472 primus
182 384 278 450 habet
294 386 440 467 laetaque
459 393 544 447 tenet
561 391 616 445 tua
633 401 765 444 munera
783 378 911 443 dextra?

41 473 98 538 sed
115 492 220 556 neque
237 469 301 534 iam
318 470 403 534 fetus
421 467 578 532 desiderat
597 466 708 529 arbore
725 465 879 548 demptos,

40 580 116 634 neo,
133 578 214 641 quas
232 555 340 619 hortus
358 554 428 630 alit,
446 574 518 616 oum
536 551 619 615 sucis
637 550 766 614 mitibus
783 549 908 624 herbas,
1082 565 1131 615 690

40 665 101 708 nec
119 641 304 725 quicquam,
322 640 383 703 uisi
402 650 442 702 te.
486 638 634 702 miserere
651 635 803 711 ardentis,
821 644 853 699 et
870 634 982 718 ipsum,

40 727 128 811 quod
146 726 236 811 petit,
254 745 308 789 ore
325 745 396 788 meo
414 735 612 806 praesentem
630 722 722 786 crede
740 722 875 807 precari:

40 813 224 892 ultoresque
242 809 318 872 deos
336 818 367 872 et
384 817 512 890 pectora
530 805 610 869 dura
627 826 772 889 perosam

40 895 166 960 Idalien
183 912 418 974 memoremque
434 891 509 955 time
527 889 754 954 Rhamnusidis
771 889 860 953 iram.

41 1001 171 1064 quoque
189 978 291 1063 magis
309 977 420 1041 timeas
437 976 568 1056 (etenim
586 974 663 1038 mihi
680 975 780 1038 multa
796 984 937 1039 vetustas
1083 994 1131 1044 695

42 1067 123 1131 scire
141 1063 253 1146 dedit),
271 1062 407 1127 referam
424 1072 490 1125 tota
507 1061 671 1125 notissima
689 1057 799 1144 Cypro

42 1152 142 1226 facta,
161 1149 276 1232 quibus
294 1147 378 1213 flecti
395 1146 489 1211 facile
507 1156 539 1210 et
555 1146 719 1210 mitescere
736 1145 847 1230 possis.

84 1236 219 1302 Viderat
236 1257 256 1297 a
272 1232 388 1297 veteris
406 1254 592 1316 generosam
610 1231 764 1315 sanguine
782 1230 899 1295 Teucri
954 1245 1132 1313 (Anaxarere.)

42 1320 131 1421 Iphis
149 1321 368 1393 Anaxareten,
387 1315 499 1381 humili
516 1316 556 1381 de
574 1316 670 1400 stirpe
688 1327 825 1381 creatus:

43 1407 165 1472 v1derat
182 1416 214 1470 et
231 1405 304 1469 totis
321 1413 505 1489 perceperat
522 1401 646 1467 oss'bus
664 1413 796 1466 aestum.
1083 1420 1132 1469 too

42 1492 243 1573 luctatusque
261 1489 330 1565 diu,
348 1499 516 1572 postquam
534 1487 654 1551 ratione
672 1487 811 1551 furorem

43 1578 168 1642 vincere
186 1597 250 1639 non
268 1574 384 1659 potuit,
403 1574 538 1659 supplex
556 1573 596 1636 ad
614 1572 722 1636 limina
740 1571 839 1637 venit:

43 1673 73 1727 et
91 1661 186 1725 modo
205 1659 319 1724 nutrici
336 1660 488 1723 miserum
506 1658 669 1722 confessus
687 1680 836 1733 amorem,

41 1770 81 1812 ne
99 1745 161 1811 sibi
180 1745 259 1810 dura
276 1745 373 1819 foret,
391 1766 448 1828 per
466 1766 537 1826 spes
557 1744 658 1808 oravit
675 1743 835 1808 alumnae:

45 1829 88 1914 [et
105 1829 202 1892 modo
221 1830 261 1894 de
278 1829 385 1892 multis
406 1829 564 1891 blanditus
583 1829 697 1912 cuique
714 1830 864 1894 ministris

43 1913 176 1978 sollicita
192 1912 283 1996 petiit
299 1933 491 1995 propensum
509 1933 586 1976 voce
605 1912 760 1976 favorem:

43 2021 137 2084 saepe
155 1996 285 2061 ferenda
304 1996 390 2060 dedit
407 1996 531 2060 blandis
549 2019 607 2060 sua
624 1997 722 2060 verba
738 1996 891 2084 tabellisz]
956 2024 959 2033 ¹

42 2083 200 2149 interdum
217 2081 359 2145 madidas
376 2081 578 2145 lacrimarum
595 2103 665 2145 rore
683 2103 813 2145 coronas

42 2168 186 2255 postibus
203 2166 353 2242 intendit,
371 2166 538 2250 posuitque
555 2167 589 2229 in
605 2166 713 2230 limine
731 2167 810 2230 duro

41 2255 136 2318 molle
153 2253 236 2317 latus
254 2252 396 2334 tristique
415 2274 503 2316 serae
521 2250 662 2315 convicia
679 2250 763 2315 fecit.

42 2338 166 2404 saevior
183 2338 237 2401 illa
254 2338 335 2402 freto
353 2347 502 2423 surgente
521 2336 705 2400 cadentibus
723 2337 855 2414 Haedis,

42 2424 151 2488 durior
168 2434 199 2488 et
216 2423 311 2498 ferro,
330 2423 417 2504 quod
432 2421 568 2487 Noricus
587 2422 733 2505 excoquit
750 2422 843 2507 ignis,

42 2521 73 2575 et
90 2530 179 2586 saxa,
197 2507 284 2591 quod
302 2507 406 2571 adhuc
423 2508 532 2572 vivum
549 2507 654 2571 radice
673 2518 806 2583 tenetur,

42 2594 161 2681 spernit
179 2604 210 2658 et
226 2592 345 2657 irridet.
389 2592 544 2677 factisque
560 2593 732 2657 immitibus
751 2592 839 2657 addit

41 2680 139 2745 verba
156 2678 294 2763 superba
311 2678 402 2742 ferox
420 2689 451 2743 et
468 2701 524 2763 spe
542 2700 668 2762 quoque
685 2678 811 2743 fraudat
829 2690 996 2744 amantem.

41 2787 106 2829 non
124 2765 195 2828 tulit
212 2763 379 2849 impatiens
397 2763 484 2848 longi
501 2774 656 2829 tormenta
674 2764 789 2828 doloris

40 2849 132 2935 Iphis
150 2859 181 2914 et
198 2860 272 2913 ante
290 2849 375 2912 fores
388 2849 471 2927 ¹haec
488 2848 585 2913 verba
602 2849 773 2913 novissima
790 2849 882 2912 dixit:

41 2934 183 3010 “vincis,
201 2934 398 3008 Anaxarete‚
416 2956 520 3017 neque
538 2946 630 2999 erunt
647 2934 704 2999 tibi
722 2934 826 2999 taedia
843 2934 969 2999 tandem

40 3021 108 3085 ulla
125 3019 256 3084 ferenda
274 3018 345 3083 mei.
388 3019 487 3084 laetos
505 3020 615 3084 molire
632 3020 807 3104 triumphos

41 3117 74 3170 et
91 3105 222 3169 Paeana
239 3126 318 3168 voca
334 3104 497 3187 nitidaque
513 3104 673 3191 incingere
690 3105 796 3168 lauru:

40 3189 142 3254 vincis
160 3189 258 3265 enim,
275 3189 454 3272 moriorque
470 3189 581 3253 libens.
625 3212 695 3274 age,
713 3189 824 3266 ferrea,
842 3189 962 3275 gaudel

41 3286 127 3340 certe
146 3273 265 3356 aliquid
282 3274 411 3338 laudare
429 3274 492 3338 mei
511 3274 633 3360 cogeris
655 3274 780 3349 amoris,

40 3381 106 3444 quo
124 3358 182 3423 tibi
200 3359 259 3422 sim
276 3370 400 3444 gratus,
418 3359 628 3441 meritumque
646 3359 786 3425 fatebere
804 3371 956 3425 nostrum.

39 3467 107 3509 non
125 3455 231 3508 tamen
248 3455 321 3508 ante
339 3444 385 3508 tui
404 3465 511 3508 curam
530 3444 661 3510 cessisse
678 3456 846 3520 memento,

40 3552 139 3614 quam
157 3528 269 3604 vitam;
287 3528 476 3614 geminaque
494 3530 587 3594 simul
605 3530 681 3595 mihi
698 3532 769 3596 luce
787 3532 967 3596 carendum.

40 3636 101 3680 nec
119 3613 177 3678 tibi
194 3614 280 3678 fama
296 3615 359 3678 mei
376 3626 510 3680 ventura
527 3627 575 3680 est
591 3617 702 3681 nuntia
718 3617 787 3681 leti:

40 3701 110 3785 ipse
128 3720 199 3784 ego,
217 3721 258 3764 ne
276 3699 415 3777 dubites,
433 3701 528 3766 adero
545 3723 757 3785 praesensque
774 3701 916 3780 videbor,

41 3806 174 3870 corpore
192 3795 228 3848 ut
245 3785 381 3849 exanimi
400 3786 538 3850 crudelia
555 3786 675 3851 lumina
692 3809 812 3870 pascas.

40 3870 69 3934 si
85 3880 207 3946 tamen,
226 3892 244 3934 o
263 3871 383 3955 superi,
400 3871 545 3935 mortalia
562 3871 647 3936 facta
664 3871 787 3947 videtis,

40 3964 108 4020 este
125 3954 188 4020 mei
206 3976 360 4020 memores
377 3990 420 4001 -
436 3954 515 4020 nihil
532 3958 614 4022 ultra
630 3957 740 4044 lingua
756 3959 877 4058 precari

42 4038 176 4109 sustinet
193 4075 236 4088 -
253 4051 285 4107 et
300 4041 397 4126 longo
414 4040 508 4108 facite
525 4052 560 4108 ut
577 4066 740 4110 narremur
757 4067 789 4111 m
808 4067 896 4123 aevo,
