2574 4478
182 310 184 317 ι
260 275 627 334 METAMORPHOSEON
644 277 717 333 LIB.
735 276 799 333 XV.
818 277 962 334 757-844.
1062 265 1124 331 273

102 402 135 466 in
153 403 307 488 templum
324 402 421 490 gladii
427 426 436 478 ;
453 423 557 484 neque
575 401 659 466 enim
676 401 765 464 locus
782 402 865 465 ullus
883 402 916 465 in
932 403 1011 468 urbe

103 488 145 552 ad
162 489 285 553 facinus
304 488 466 570 diramque
483 488 601 572 placet,
619 487 680 550 nisi
697 486 798 563 curia,
817 487 956 552 caedem.

103 584 171 637 tum
189 595 264 639 vero
283 571 443 658 Cytherea
459 596 557 637 manu
573 573 728 657 percussit
744 583 879 655 utraque

102 670 213 743 pectus
232 670 263 723 et
280 658 455 724 Aeneaden
472 659 600 722 molitur
617 657 752 722 condere
769 657 865 734 nube,

103 766 166 826 qua
182 745 270 829 prius
287 744 403 809 infesto
419 743 512 808 Paris
530 755 578 809 est
596 753 721 828 ereptus
738 741 883 820 Atridae,

103 841 135 894 et
151 830 346 894 Diomedeos
363 830 493 894 Aeneas
510 829 636 914 fugerat
654 851 755 893 enses.

102 916 219 979 talibus
237 915 319 979 hanc
335 915 474 1000 genitor:
493 915 575 978 ‘sola
591 913 803 999 insuperabile
821 913 933 992 fatum,

102 1014 186 1076 nata,
205 1021 331 1065 movere
349 1001 461 1085 paras?
478 999 575 1064 intres
593 999 666 1064 licet
683 1000 753 1085 ipsa
770 1021 914 1063 sororum

101 1095 185 1150 tecta
202 1085 311 1149 trium:
331 1107 439 1149 cernes
457 1085 521 1148 illic
538 1084 699 1150 molimine
717 1095 806 1149 vasto

102 1194 142 1236 ex
160 1194 232 1236 aere
251 1183 282 1236 et
300 1171 400 1235 solido
417 1193 522 1235 rerum
540 1170 697 1234 tabularia
713 1170 808 1246 ferro,

101 1278 183 1339 quae
201 1279 305 1340 neque
324 1278 512 1321 concursum
530 1256 609 1320 caeli
626 1277 730 1338 neque
748 1255 888 1320 fulminis
905 1257 985 1322 iram

100 1363 160 1405 nec
176 1352 322 1406 metuunt
339 1342 420 1405 ullas
438 1350 507 1405 tuta
525 1352 620 1424 atque
638 1354 766 1405 aeterua
782 1340 899 1405 ruinas.

100 1426 242 1491 invenies
259 1427 324 1490 illio
340 1426 441 1490 incisa
458 1426 626 1490 adamante
644 1425 775 1510 perenni
882 1444 885 1451 ·

100 1512 167 1576 fata
183 1512 229 1575 tui
246 1513 381 1597 generis.
425 1512 489 1596 legi
506 1511 574 1596 ipse
592 1511 761 1594 animoque
778 1510 886 1575 notavi

100 1608 132 1661 et
149 1596 299 1672 referam,
317 1620 358 1661 ne
376 1597 418 1661 sis
436 1597 608 1661 etiamnum
625 1596 738 1681 ignara
755 1596 865 1661 futuri.

99 1681 152 1745 hic
171 1704 228 1745 sua
246 1682 430 1767 complevit,
448 1703 598 1766 proquo,
618 1679 792 1765 Cytherea,
810 1682 947 1761 laboras,

99 1776 242 1852 tempora
259 1767 422 1852 perfectis,
441 1789 521 1850 quos
540 1779 641 1831 terrae
659 1767 783 1844 debuit,
801 1769 902 1834 annis.

99 1863 135 1916 ut
153 1852 230 1916 deus
249 1853 377 1917 accedat
395 1853 483 1917 caelo
501 1852 690 1938 templisque
708 1854 838 1930 colatur,

99 1946 136 2000 tu
152 1937 250 2001 facies
268 1950 424 2020 natusque
443 1961 533 2001 suus:
552 1938 607 2020 qui
624 1938 760 2002 nominis
778 1939 869 2003 heres

98 2021 281 2106 impositum
298 2024 379 2087 feret
395 2046 478 2086 unus
496 2045 590 2099 onus,
608 2024 756 2106 caesique
773 2024 912 2108 parentis

98 2129 156 2171 nos
174 2108 207 2171 in
224 2108 308 2172 bella
326 2131 399 2172 suos
416 2107 606 2171 fortissimus
623 2108 706 2172 ultor
723 2108 861 2173 habebit

98 2193 183 2256 illius
203 2194 349 2278 auspiciis
368 2193 515 2258 obsessae
533 2193 659 2257 moenia
676 2215 788 2278 pacem

99 2278 183 2342 victa
200 2289 309 2362 petent
326 2278 487 2353 Mutinae,
504 2277 672 2342 Pharsalia
689 2280 803 2342 sentiet
819 2279 919 2356 illum,

98 2362 312 2446 Emathiaque
329 2364 445 2428 iterum
462 2363 632 2428 madefient
649 2364 746 2428 caede
763 2364 914 2449 Philippi,

98 2461 131 2513 et
147 2449 307 2533 Magnum
325 2447 441 2514 Siculis
459 2470 575 2512 nomen
593 2448 793 2533 superabitur
810 2451 914 2526 undis,

97 2533 300 2617 Romanique
318 2534 407 2598 ducis
425 2534 564 2598 coniunx
581 2534 743 2618 Aegyptia
760 2534 872 2598 taedae

97 2640 162 2682 non
180 2619 261 2684 bene
279 2619 337 2683 fisa
354 2619 461 2684 cadet:
479 2618 658 2702 frustraque
677 2618 735 2683 erit
751 2619 805 2683 illa
822 2621 952 2697 minata,

98 2704 253 2769 servitura
271 2726 327 2767 suo
347 2702 505 2789 Capitolia
521 2715 629 2768 nostra
647 2701 790 2788 Canopo.

120 2789 176 2853 uid
194 2789 252 2853 tibi
268 2789 448 2853 barbariam
466 2801 640 2874 gentesque
659 2789 699 2853 ab
717 2802 851 2872 utroque
869 2790 1007 2856 iacentes

134 2896 231 2938 oeano
248 2875 432 2938 numerem?
457 2875 679 2958 quodcumque
697 2874 869 2940 habitabile
887 2877 980 2940 tellus

98 2960 247 3036 sustinet,
266 2959 360 3023 huius
379 2961 450 3024 erit:
469 2971 584 3044 pontus
603 2981 729 3043 quoque
748 2960 863 3025 serviet
879 2961 934 3024 illi.

97 3067 177 3145 pace
195 3045 270 3108 data
288 3045 377 3109 terris
396 3045 537 3108 animum
555 3045 596 3108 ad
614 3046 717 3109 civilia
735 3056 836 3110 vertet

97 3153 168 3193 rura
186 3152 279 3194 suum
296 3130 447 3214 legesque
464 3130 545 3194 feret
562 3130 751 3194 iustissimus
770 3141 894 3196 auctor:

97 3215 307 3299 exemploque
324 3237 383 3278 suo
401 3237 503 3280 mores
521 3227 624 3300 reget,
641 3216 738 3299 inque
755 3215 856 3280 futuri

97 3299 248 3384 temporis
267 3310 402 3364 aetatem
420 3310 687 3383 venturorumque
704 3312 856 3386 nepotum

96 3384 292 3470 prospiciens
309 3385 429 3469 prolem
448 3396 557 3450 sancta
575 3386 614 3450 de
633 3386 767 3472 coniuge
784 3398 891 3450 natam

97 3471 181 3535 ferre
199 3470 293 3534 simul
310 3491 489 3553 nomenque
507 3493 600 3534 suum
619 3494 773 3556 curasque
790 3472 927 3550 iubebit3

96 3578 157 3620 nec
173 3554 235 3619 nisi
252 3577 324 3621 cum
344 3555 447 3620 senior
463 3555 574 3640 Pylios
592 3557 775 3639 aequaverit
793 3580 903 3634 annos,

97 3640 254 3705 aetherias
272 3640 363 3706 sedes
382 3652 579 3726 cognataque
598 3642 701 3707 sidera
718 3653 837 3728 tanget.

96 3725 180 3791 hanc
197 3725 336 3790 animam
353 3724 473 3791 interea
490 3748 582 3791 caeso
601 3727 639 3792 de
658 3749 788 3813 corpore
805 3739 928 3814 raptam

96 3811 150 3876 fac
166 3810 268 3888 iubar,
287 3821 322 3876 ut
339 3834 463 3897 semper
481 3807 640 3897 Capitolia
657 3825 764 3877 nostra
780 3813 964 3898 Forumque

97 3895 191 3961 divus
209 3896 250 3960 ab
269 3897 393 3963 excelsa
410 3908 590 3982 prospectet
605 3898 707 3962 Iulius
725 3899 824 3964 aede?

139 3981 206 4047 Vix
224 4003 262 4046 ea
279 3981 364 4047 fatus
382 3993 463 4060 erat,
481 3983 586 4048 media
604 4005 676 4047 cum
694 3985 769 4049 sede
787 3995 916 4050 senatus

97 4067 237 4132 constitit
255 4068 338 4132 alma
355 4068 466 4134 Venus
482 4068 561 4134 nulli
579 4069 737 4135 cernenda
754 4070 865 4154 suique

149 4166 259 4213 mitra.
268 4167 300 4213 11.
916 4171 951 4228 18
