2574 4478
175 294 238 363 tta
506 309 684 366 norrun
700 306 864 365 nnsoms

104 451 155 505 270
172 432 341 498 exercebat
357 446 457 497 atrox.
501 446 535 497 at
551 434 655 518 longis
672 434 768 496 anxia
785 433 869 496 curis

172 518 303 605 Argolis
320 518 491 596 Alcmene,
508 538 640 602 questus
656 518 714 582 nbi
795 536 827 580 at
843 518 954 595 aniles,

171 602 224 669 cui
241 603 358 669 referat
373 604 440 668 nati
457 618 587 670 testatos
604 604 681 668 orbe
698 605 731 668 la
772 627 823 668 res

172 689 264 755 cuive
280 711 356 754 suos
372 712 480 767 casus,
497 690 588 756 Iolen
605 689 711 754 habet
754 688 902 753 Herculis
919 689 1007 753 illam

171 774 310 860 imperiis
327 775 530 859 thalamoque
546 774 717 857 animoque
732 785 895 859 receperat
911 775 1042 858 Hyllus,

104 877 155 929 200
172 859 380 945 impleratque
397 872 522 926 uterum
538 882 693 946 generoso
711 861 840 924 semine.
883 860 934 922 cui
951 860 998 921 sic

171 944 281 1031 incipit
299 945 468 1011 Alcmene:
486 946 631 1011 ‘faveant
646 945 706 1008 tibi
721 945 851 1009 numina
868 945 980 1008 saltem

172 1030 405 1117 corripiantque
422 1054 541 1107 moras,
560 1043 628 1094 tum
646 1053 720 1094 cum
736 1042 861 1094 matura
877 1028 1009 1094 vocabis

171 1117 384 1201 praepositam
402 1117 520 1180 timidis
537 1115 732 1202 parientibus
750 1115 921 1199 Ilithyiam.

171 1222 268 1285 quam
285 1201 363 1265 mihi
380 1202 541 1267 difficilem
559 1201 691 1265 Iunonis
707 1200 812 1286 gretie
827 1200 912 1264 fecit.

104 1304 154 1355 200
171 1308 310 1371 namque
327 1286 489 1353 laboriferi
506 1309 579 1352 cum
596 1287 660 1351 iam
677 1287 791 1350 natalis
808 1287 932 1350 adesset

172 1372 320 1438 Herculis
337 1384 369 1437 et
386 1372 544 1438 decimum
561 1384 757 1457 premeretur
773 1371 874 1435 sidere
892 1371 1031 1456 signum,

170 1457 321 1524 tendebat
336 1458 476 1544 gravitas
493 1470 620 1522 uterum
637 1457 729 1534 mihi3
747 1457 896 1541 quodque
913 1457 1066 1533 ferebam,

73 1589 74 1592 κ
171 1554 295 1608 tanturn
312 1556 394 1620 erat,
411 1555 448 1607 ut
464 1565 573 1629 posses
589 1554 752 1607 auctorem
769 1542 873 1607 dicere
890 1543 965 1607 tecti

171 1627 320 1715 ponderis
337 1651 406 1694 esse
423 1630 543 1694 lovena
587 1650 647 1694 nec
662 1628 726 1693 iam
744 1629 878 1692 tolerare
894 1627 1020 1692 labores

105 1730 155 1783 200
173 1713 304 1779 ulterius
321 1725 477 1799 poteram3
487 1716 658 1799 quinnnno
669 1734 797 1798 quoque
814 1712 950 1798 frigidus
968 1724 1066 1789 artus,

172 1799 248 1863 dum
266 1799 388 1883 loquor,
405 1800 516 1865 horror
533 1800 638 1876 habet,
656 1821 794 1884 parsque
807 1810 857 1863 est
872 1799 1054 1862 meminisse
1068 1798 1183 1862 doloris

172 1895 293 1970 septem
311 1906 372 1985 ego
389 1906 447 1971 per
463 1897 585 1961 noctes,
602 1885 734 1949 totidem
752 1885 891 1948 cruciata
909 1884 1033 1961 diebus,

172 1970 257 2035 fessa
273 1970 379 2047 mahs,
397 1971 590 2054 tendensque
607 1970 649 2033 ad
667 1969 790 2034 caelum
807 1968 970 2046 bracchia,
989 1990 1107 2055 magno

173 2054 329 2120 Lucinam
348 2055 512 2140 Nixosque
528 2078 620 2141 peres
638 2057 775 2120 clamore
793 2054 957 2119 vocabam.

104 2157 154 2209 200
173 2140 226 2205 ἰΙΙο
243 2141 371 2225 quidem
389 2141 489 2218 venit,
507 2141 564 2206 sed
580 2151 818 2226 praecorrupta,
835 2161 1006 2223 meumque

172 2246 255 2309 quae
272 2227 390 2293 donare
407 2249 445 2291 ca
468 2239 503 2291 ut
519 2226 635 2291 Iunoni
651 2227 747 2292 vellet
763 2226 900 2309 iniquae.

172 2324 269 2396 utque
286 2335 373 2378 meos
391 2335 432 2377 au
455 2313 479 2377 it
496 2313 647 2398 gemitus,
666 2312 808 2378 subsedit
825 2312 858 2376 in
874 2312 930 2376 illa

174 2409 246 2461 ante
264 2398 348 2463 sores
367 2422 434 2475 ara,
452 2399 626 2482 dextroque
644 2422 663 2462 a
679 2398 798 2483 poplite
816 2398 942 2462 laevum

172 2505 280 2569 pressa
295 2504 396 2584 genu,
414 2484 521 2570 digitis
538 2484 619 2548 inter
637 2507 670 2549 se
688 2483 812 2569 pectine
829 2483 954 2557 iunctis,

104 2585 155 2637 000
171 2568 318 2634 sustinuit
332 2581 453 2670 partus.
497 2569 592 2634 tacita
609 2590 735 2653 quoque
753 2569 893 2634 carmina
908 2589 988 2632 voce

172 2654 264 2729 dixit,
283 2665 314 2720 et
331 2666 472 2740 inceptos
490 2666 659 2720 tenuerunt
676 2655 815 2719 carmina
832 2663 951 2740 partus.

171 2740 263 2816 nitor,
277 2751 308 2804 et
324 2739 448 2826 ingrato
466 2739 548 2805 facio
566 2740 708 2805 convicia
726 2741 855 2806 demens

172 2847 253 2889 vana
270 2825 340 2890 Iovi
357 2826 512 2910 cupioque
530 2826 623 2903 mori,
641 2838 827 2909 moturaque
845 2827 940 2891 duros

171 2909 268 2975 verba
285 2931 398 2993 queror
415 2911 527 2976 silices.
571 2923 687 2977 matres
706 2909 894 2976 Cadmeides
912 2913 1029 2976 adsunt

104 3013 153 3067 000
172 3005 306 3077 votaque
325 2996 499 3081 suscipiunt
516 2998 783 3080 exhortanturque
801 2997 967 3062 dolentem.

171 3103 234 3145 una
251 3080 462 3146 ministrarum
480 3083 584 3147 media
602 3082 641 3147 de
681 3083 751 3148 lebe
771 3080 948 3158 Galanthis‚

171 3166 253 3231 flava
270 3188 389 3244 comas,
408 3167 531 3244 aderat,
548 3105 701 3232 faciendis
720 3179 846 3232 strenua
862 3168 965 3246 iussis,

171 3251 282 3316 ol'lioiis
300 3251 414 3318 dilecta
432 3252 510 3329 suis;
529 3276 567 3318 ea
585 3253 683 3318 sensit
701 3253 809 3336 iniqua

170 3337 276 3402 nescio
293 3338 370 3421 quid
388 3339 509 3403 Iunone
526 3339 604 3424 geri.
649 3339 788 3422 dumque
807 3337 872 3403 exit
889 3348 921 3403 et
937 3337 1033 3403 intrat

102 3440 153 3491 tto
171 3445 264 3509 scope
282 3421 381 3499 fores,
400 3424 504 3488 divam
523 3425 712 3489 residentem
730 3424 808 3488 vidit
825 3425 858 3487 in
876 3446 931 3488 ara

170 3508 379 3593 bracchiaque
397 3509 428 3573 in
446 3510 581 3595 genibus
600 3510 706 3595 digitis
724 3532 844 3574 conexa
861 3520 1030 3585 tenentem,

170 3606 201 3659 ot
219 3602 450 3679 ‘quoecumque
469 3595 522 3671 es,’
541 3596 585 3660 ait
602 3595 762 3659 ‘dominae
779 3606 917 3680 gratare:
939 3595 1043 3659 levata
1059 3603 1105 3658 est

169 3680 218 3745 Ar
242 3680 299 3745 olis
316 3680 486 3757 Alcmene,
504 3681 685 3765 potiturque
703 3703 857 3765 puerpera
874 3679 968 3744 voto!

170 3702 279 3831 exiluit
297 3765 482 3849 iunctusque
499 3789 611 3830 manus
629 3765 796 3914 pavefacta
811 3765 931 3830 remisit

102 3868 151 3921 010
171 3850 244 3915 divo
260 3862 372 3937 potens
389 3853 484 3917 uteri:
504 3852 615 3916 vinclis
645 3873 720 3915 evor
736 3851 746 3914 i
771 3874 806 3914 00
823 3850 971 3915 remissis.

169 3935 298 4003 numine
316 3935 448 4023 decepto
465 3937 570 4002 risisse
589 3874 783 4001 Galanthida
799 3935 885 3999 fama
902 3948 959 4000 est.

168 4019 323 4089 ridentem
340 4043 550 4109 prensamque
567 4021 644 4107 ipsis
662 4022 722 4086 dea
739 4044 833 4086 saeva
851 4020 972 4105 capillis

169 4104 327 4187 000110,οί
344 4128 363 4177 0
379 4118 463 4175 terra
479 4129 594 4195 corpus
611 4107 751 4174 relevare
768 4107 925 4174 volentem
