2574 4478
238 251 605 311 METAMORPHOSEON
621 253 694 309 LIB.
712 252 735 306 Ι.
753 251 896 308 386-473.
1034 237 1073 302 11

60 378 183 480 quippe·
195 377 252 442 ubi
269 379 451 465 temperiem
469 400 629 463 sumpsere
647 397 799 460 umorque
816 376 972 460 calorque,
1092 393 1142 443 430

61 466 257 550 concipiunt,
276 475 306 530 et
324 465 365 528 ab
382 464 432 528 his
449 465 592 529 oriuntur
609 474 721 528 cuncta
738 461 871 525 duobus.

60 572 197 633 cumque
215 549 255 614 sit
271 550 354 635 ignis
371 572 473 632 aquae
490 571 635 634 pugnax,
653 569 752 632 vapor
768 547 894 611 umidus
912 568 1019 613 omnes

59 659 111 700 res
130 645 230 711 creat,
248 646 278 699 et
297 635 414 699 discors
433 634 598 699 concordia
614 633 730 698 fetibus
748 643 823 716 apta
840 646 896 698 est.

60 743 139 805 ergo
156 720 212 784 ubi
230 719 348 784 diluvio
365 721 457 785 tellus
474 720 629 784 lutulenta
645 719 762 784 recenti

61 805 181 870 solibus
199 805 345 870 aetheriis
363 806 489 888 altoque
505 804 669 870 recanduit
686 813 785 880 aestu,

62 890 161 956 edidit
176 890 357 956 innumeras
374 891 495 975 species
512 890 688 976 partimque
705 889 822 974 figuras

61 976 182 1041 rettulit
199 976 359 1060 antiquas,
376 976 490 1061 partim
507 997 590 1041 nova
607 985 746 1038 monstra
763 976 889 1040 creavit.

61 1062 116 1126 1115
133 1061 262 1144 quidem
278 1062 389 1138 nollet,
407 1062 463 1126 sed
480 1071 510 1126 te
528 1082 667 1145 quoque,
684 1060 820 1123 maxime
836 1059 974 1146 Python,

62 1158 132 1211 tum
148 1147 274 1232 genuit,
291 1146 479 1232 populisque
496 1146 601 1222 novis,
619 1145 777 1230 incognite
795 1168 933 1232 serpens,

62 1243 163 1297 terror
180 1255 263 1298 eras:
281 1241 403 1296 tantum
420 1231 513 1318 spatii
530 1231 569 1296 de
586 1241 692 1296 monte
709 1230 847 1295 tenebas.
1093 1251 1142 1300 440

61 1317 148 1382 1111110
165 1317 242 1382 deus
261 1317 435 1382 arcitenens
444 1328 475 1382 et
489 1338 662 1400 numquam
680 1317 794 1380 talibus
813 1317 906 1381 armis

63 1418 136 1467 ante
153 1403 213 1467 nisi
230 1403 263 1466 in
281 1403 413 1467 dammis
431 1403 614 1487 capreisque
631 1401 799 1486 fugacibus
816 1424 893 1466 usus

62 1488 148 1552 mille
165 1510 296 1573 gravem
312 1488 396 1563 telis,
415 1488 568 1554 exhausta
584 1510 683 1573 paene
700 1485 858 1571 pharetra,

62 1572 199 1658 perdidit
216 1573 317 1638 effuso
334 1596 391 1659 per
407 1574 538 1638 vulnera
554 1573 646 1658 nlgra
663 1593 793 1637 veneno.

61 1681 143 1725 neve
161 1659 263 1744 operis
280 1659 399 1723 famam
415 1670 522 1745 posset
539 1659 643 1723 delere
660 1668 810 1734 vetustas,
1094 1674 1143 1723 445

60 1744 197 1809 instituit
214 1767 318 1809 saeros
337 1745 451 1811 celebri
469 1744 637 1809 certamine
654 1743 757 1820 ludos,

60 1829 181 1916 Pythia
197 1829 391 1914 perdomitae
409 1830 562 1915 serpentis
579 1829 705 1894 nomine
723 1828 831 1893 dictos.

60 1916 111 1980 his
128 1915 280 1981 iuvenum
297 1915 487 1999 quicumque
503 1938 600 1978 manu
618 1914 790 1999 pedibusve
808 1923 916 1978 rotave

60 2002 195 2076 vicerat,
213 2001 376 2066 aesculeae
394 2001 537 2086 capiebat
554 2000 674 2064 frondis
692 1999 851 2063 honorem.

59 2087 204 2151 nondum
220 2086 328 2150 laurus
346 2097 427 2163 erat,
445 2087 603 2171 longoque
621 2086 764 2150 decentia
780 2084 865 2149 crine
1093 2103 1143 2153 450

61 2185 207 2256 tempora
225 2171 372 2256 cingebat
389 2171 428 2236 de
446 2171 586 2255 qualibet
603 2171 713 2235 arbore
730 2169 891 2235 Phoebus.

102 2257 233 2322 Primus
251 2279 339 2320 amor
355 2256 479 2322 Phoebi
495 2255 634 2342 Daphne
651 2255 782 2320 Pene'ta:
802 2277 896 2339 quem
913 2276 976 2318 non
1023 2270 1141 2338 Daphne.

60 2343 128 2408 fors
144 2342 257 2427 ignara
274 2341 376 2418 dedit,
394 2343 450 2406 sed
468 2364 563 2406 saeva
581 2339 748 2426 Cupidinis
765 2340 822 2403 ira.

59 2427 176 2494 Delius
194 2426 278 2491 hune
295 2450 404 2512 nuper,
423 2428 506 2492 victo
524 2438 666 2512 serpente
685 2426 848 2510 superbus,

59 2513 185 2578 viderat
202 2512 338 2576 adducto
355 2512 531 2578 flectentem
549 2534 666 2576 cornua
683 2532 792 2587 nervo,
1093 2530 1142 2579 455

59 2597 232 2682 ‘quid'que
250 2597 335 2673 ‘tibi,
353 2597 468 2662 lascive
485 2620 574 2682 puer,
593 2619 665 2662 cum
682 2596 815 2660 fortibus
833 2595 960 2660 armis?’

59 2684 199 2748 dixerat:
218 2683 292 2746 ‘ista
310 2683 420 2747 decent
438 2704 561 2748 umeros
579 2682 754 2767 gestamina
770 2691 902 2758 nostros,

58 2768 118 2852 qui
134 2768 209 2832 dare
227 2778 313 2832 certa
329 2768 430 2842 serae,
448 2768 523 2832 dare
541 2769 672 2832 vulnera
688 2788 854 2853 possumus
873 2767 964 2845 110511,

58 2853 117 2937 qui
134 2852 229 2917 modo
245 2853 394 2952 pestifero
411 2862 458 2917 tot
474 2853 584 2938 iugera
602 2864 709 2917 ventre
726 2863 920 2937 prementem

58 2938 230 3003 stravimus
246 2938 418 3003 mnumeris
435 2938 591 3002 tumidum
609 2938 758 3022 Pythona
774 2939 906 3023 sagittis.
1093 2959 1142 3008 460

57 3036 95 3088 111
113 3023 184 3087 face
200 3022 307 3088 nescio
324 3045 404 3106 quos
421 3035 488 3088 esto
507 3034 670 3089 contentus
688 3045 810 3088 amores

55 3108 210 3194 instigare
228 3119 298 3185 tua,
314 3131 374 3173 nee
391 3109 501 3174 laudes
518 3131 620 3173 assere
637 3108 780 3173 nostras!

56 3195 144 3259 filius
161 3193 236 3258 111110
252 3193 387 3259 Veneris
406 3195 499 3280 ‘figat
515 3206 589 3258 tuus
607 3194 725 3268 omnia,
742 3193 883 3269 Phoebe,

55 3290 91 3344 te
108 3301 200 3344 1115115
218 3278 324 3343 510115’
343 3279 400 3343 ait:
419 3286 614 3363 ‘quantoque
632 3280 779 3344 animalia
796 3279 911 3343 cedunt

56 3373 176 3430 cuncta
192 3363 267 3439 deo,
284 3374 372 3429 tanto
390 3365 492 3429 minor
509 3376 557 3429 est
573 3376 628 3428 tua
645 3364 746 3450 gloria
763 3364 889 3429 nostra!
1092 3382 1142 3432 465

55 3448 140 3513 dixit
157 3460 190 3515 et
206 3449 283 3513 eliso
301 3451 457 3534 percussis
475 3456 546 3515 a’e‘re
565 3451 676 3535 pennis

53 3534 195 3620 impiger
211 3533 361 3598 umbrosa
377 3534 511 3599 Parnasi
529 3536 667 3600 constitit
684 3558 755 3600 arce

55 3641 141 3703 eque
158 3618 334 3704 sagittifera
349 3621 503 3705 prompsit
521 3620 584 3684 duo
601 3623 663 3685 tela
680 3621 827 3706 pharetra

55 3706 256 3769 diversorum
274 3726 419 3789 operum:
437 3707 530 3791 fugat
546 3706 616 3783 hoo,
635 3708 711 3770 facit
727 3707 806 3770 illud
824 3727 972 3771 amorem.

53 3790 144 3874 quod
160 3789 253 3866 facit,
271 3802 417 3854 auratum
435 3803 483 3856 est
501 3801 532 3856 et
549 3792 679 3876 cuspide
697 3793 798 3876 fulget
815 3803 921 3856 acuta:
1092 3812 1142 3861 470

52 3875 144 3959 quod
156 3874 259 3960 fugat,
278 3875 425 3941 obtusum
439 3888 487 3941 est
500 3887 532 3940 et
544 3876 640 3942 habet
654 3877 713 3941 sub
726 3877 901 3942 harundine
914 3876 1090 3963 plumbum.

53 3961 118 4026 hoc
135 3960 214 4025 deus
231 3961 266 4025 in
283 3962 424 4047 nympha
438 3961 580 4027 Peneide
597 3961 679 4040 fixit,
697 3963 800 4027 atillo

51 4045 146 4114 laesit
164 4045 350 4136 Apollineas
367 4048 497 4116 traiecta
513 4069 570 4134 per
586 4070 658 4116 0555
675 4048 838 4114 medullas.
