2574 4478
176 220 219 289 92
505 232 539 291 Ρ.
558 234 680 293 ovmn
698 232 859 292 nasonis

110 377 158 429 105
176 362 244 445 ipsa
262 359 428 426 videbatur
443 368 541 425 terras
560 369 700 445 spectare
717 359 840 424 relictas

177 458 208 510 et
225 446 355 511 comites
372 447 508 510 clamare
526 469 599 509 suas
617 456 798 527 tactumque
816 442 917 509 vereri

177 531 342 596 assilientis
360 553 461 613 aquae
478 531 666 613 timidasque
683 531 833 594 reducere
850 530 985 614 plantae.

176 616 250 681 fecit
268 629 300 681 et
316 617 464 681 Asterien
482 615 587 698 aquila
604 616 742 681 luctante
760 616 874 681 teneri:

176 701 251 766 fecit
268 702 394 766 olorinis
411 701 536 766 Ledam
553 701 704 766 recubare
723 701 782 764 sub
800 701 870 764 alis:

109 804 159 857 110
177 786 310 863 addidit,
328 799 363 850 ut
381 786 489 874 Satyri
506 787 624 851 celatus
642 786 779 871 imagine
797 784 962 870 pulchram

174 872 318 957 Iuppiter
334 871 472 956 implerit
488 872 614 956 gemino
632 871 789 955 Nycteida
805 870 883 946 fetu,

174 957 387 1043 Amphitryon
404 957 512 1034 fuerit,
531 979 603 1021 cum
621 967 666 1032 te,
684 956 866 1041 Tirynthia,
884 955 977 1041 cepit,

175 1066 289 1107 aureus
307 1054 344 1107 ut
359 1041 509 1118 Danaen,
526 1042 671 1126 Asopida
687 1041 797 1107 luserit
813 1041 906 1127 ignis,

175 1127 407 1213 Mnemosynen
424 1138 541 1212 pastor,
558 1127 664 1193 varius
681 1127 808 1191 Deoida
825 1149 962 1211 serpens.

109 1231 157 1281 115
176 1224 207 1276 15
226 1235 351 1296 quoque
367 1223 524 1278 mutatum
541 1224 641 1290 torvo,
659 1212 821 1298 Neptune,
840 1212 973 1276 iuvenco

174 1299 295 1384 virgine
312 1299 345 1362 in
362 1298 477 1362 Aeolia
493 1298 607 1383 posuit.
651 1308 686 1361 tu
704 1298 789 1362 visus
809 1297 952 1382 Enipeus

173 1384 279 1468 gignis
296 1384 444 1458 Aloidas,
462 1385 542 1448 aries
560 1383 715 1447 Bisaltida
731 1382 829 1458 fallis3

174 1481 205 1533 et
222 1480 253 1533 te
270 1469 353 1534 flava
370 1490 476 1534 comas
493 1469 622 1554 frugum
639 1468 804 1533 mitissima
820 1479 922 1532 mater

174 1554 271 1618 sensit
288 1576 419 1637 equum,
438 1555 535 1619 sensit
552 1555 711 1618 volucrem
730 1554 841 1618 crinita
858 1553 995 1617 colubris

60 1643 61 1646 ’
107 1657 156 1708 110
174 1650 274 1704 mater
291 1641 364 1722 equi
381 1640 531 1717 volucris,
550 1640 645 1705 sensit
663 1639 713 1704 del
736 1639 811 1702 hina
828 1638 1004 1703 Melantho.

173 1724 319 1789 omnibus
336 1725 385 1789 his
402 1725 579 1808 faciemque
597 1748 688 1789 suam
705 1663 880 1807 liiciemque
897 1724 1040 1788 locorum

172 1809 318 1875 reddidit.
362 1810 490 1875 estillic
507 1811 639 1894 agrestis
651 1810 793 1895 ,imagine
810 1808 972 1884 Phoebus,

172 1907 270 1978 utque
287 1896 382 1959 modo
400 1895 555 1980 accipitris
573 1919 707 1981 pennas,
726 1895 819 1958 modo
837 1906 927 1979 terga
943 1893 1043 1959 leonis

172 1981 319 2063 gesserit,
337 1992 373 2045 ut
389 1991 497 2066 pastor
513 1981 697 2046 Macareida
713 1981 822 2045 luserit
838 1980 939 2044 Issen.

105 2082 154 2131 125
172 2065 271 2130 Liber
288 2076 324 2130 ut
341 2066 503 2151 Erigonen
521 2067 601 2130 falsa
618 2067 694 2130 dece
718 2066 776 2130 erit
793 2088 866 2140 uva,

171 2163 208 2214 ut
226 2149 382 2216 Saturnus
400 2173 482 2234 equo
499 2152 660 2237 geminum
709 2151 819 2214 hirona
837 2149 959 2215 crearit.

171 2236 283 2300 ultima
300 2260 373 2322 pars
391 2238 471 2302 telae
489 2238 576 2301 tenui
594 2237 788 2301 circumdata
804 2235 901 2299 limbo

170 2322 327 2386 nexilibus
344 2323 437 2386 flores
453 2322 577 2388 hederis
594 2321 690 2386 habet
706 2322 900 2386 intertextos.

170 2429 234 2470 non
251 2407 330 2473 illud
346 2406 468 2484 Pallas,
485 2429 549 2472 non
565 2407 644 2479 illud
662 2430 790 2492 carpere
807 2407 908 2472 Livor

104 2509 154 2558 100
170 2493 270 2577 possit
287 2514 376 2578 opus.
421 2493 521 2557 doluit
539 2515 686 2557 successu
704 2493 786 2558 flava
803 2495 913 2576 virago

171 2592 203 2641 et
219 2578 304 2663 rupit
320 2578 436 2663 pictas,
455 2578 601 2643 caelestia
618 2578 762 2654 crimina,
780 2589 899 2642 vestes:

170 2674 268 2745 utque
287 2660 456 2748 Cytoriaco
474 2664 596 2727 radium
614 2663 654 2728 de
671 2673 778 2728 monte
795 2663 932 2738 tenebat,

170 2758 218 2812 ter
235 2758 346 2831 quater
362 2749 526 2813 Idmoniae
543 2748 679 2814 frontem
696 2747 851 2832 percussit
867 2744 1042 2812 Arachnes.

169 2854 233 2896 non
251 2833 322 2898 tulit
337 2833 448 2898 infelix
465 2834 642 2917 laqueoque
660 2834 802 2898 animosa
818 2833 929 2918 ligavit

104 2935 152 2985 155
169 2928 307 3003 guttura.
352 2920 539 3005 pendentem
558 2918 666 2983 Pallas
683 2919 830 2983 miserata
847 2917 964 2994 levavit

170 3013 265 3086 atque
283 3003 327 3068 ita
346 3005 431 3069 ‘vive
449 3004 593 3087 quidem,
611 3004 713 3090 pende
731 3015 852 3080 tamen,
870 3002 1027 3087 improba'
1047 3002 1140 3069 dixit:

170 3089 300 3171 ‘lexque
319 3089 429 3154 eadem
447 3112 582 3174 poenae,
599 3113 639 3154 ne
657 3090 700 3153 sis
718 3102 829 3155 secura
845 3088 953 3165 futuri,

169 3172 254 3237 dicta
271 3185 325 3238 tuo
342 3175 451 3260 generi
468 3175 607 3258 serisque
624 3174 793 3260 nepotibus
811 3173 898 3239 esto?

168 3270 240 3342 post
258 3281 296 3322 ea
313 3259 477 3324 discedens
496 3261 579 3324 sucis
597 3260 789 3325 Hecateidos
807 3259 923 3324 herbae
1030 3325 1033 3327 ,

103 3361 152 3411 140
169 3344 291 3428 sparsit.
336 3355 368 3409 et
384 3346 542 3430 extemplo
560 3346 640 3410 tristi
656 3345 863 3410 medicamine
880 3353 983 3408 tactae

169 3429 330 3494 defluxere
347 3452 470 3505 comae,
489 3453 562 3495 cum
579 3431 650 3514 quis
668 3443 700 3495 et
716 3430 800 3494 naris
818 3446 850 3494 et
868 3451 969 3503 aures,

167 3514 265 3596 fitque
282 3527 378 3600 caput
394 3516 569 3580 minimum.
613 3527 678 3580 toto
697 3537 822 3598 quoque
841 3536 969 3599 corpore
987 3536 1086 3599 parva
1103 3522 1167 3580 ests

167 3598 200 3661 in
217 3600 315 3664 latere
333 3600 429 3664 exiles
448 3600 538 3686 digiti
555 3622 613 3686 pro
631 3601 774 3665 cruribus
792 3601 932 3676 haerent,

169 3694 273 3748 cetera
290 3691 399 3749 venter
416 3685 520 3750 habet.
564 3686 603 3750 de
621 3707 684 3769 quo
702 3697 807 3750 tamen
824 3686 878 3749 illa
895 3683 1024 3749 remittit

102 3789 150 3838 145
169 3780 304 3845 stamen,
323 3782 354 3835 et
372 3771 516 3854 antiquas
534 3782 660 3836 exercet
676 3794 791 3836 aranea
807 3770 895 3835 telas.

210 3853 316 3937 Lydia
333 3866 399 3920 tota
412 3856 527 3932 fremit,
544 3855 768 3940 Phrygiaeque
785 3878 842 3941 per
855 3854 972 3939 oppida
989 3855 1065 3920 facti
1092 3871 1186 3926 Niobe.

167 3960 274 4002 rumor
290 3940 315 4003 it
333 3951 365 4005 et
382 3963 532 4025 maguum
550 3941 746 4006 sermonibus
764 3951 898 4025 occupat
915 3939 1034 4005 orbern.

167 4037 239 4093 ante
257 4046 332 4092 suos
348 4025 452 4097 Niobe
470 4026 624 4096 thalamos
642 4037 833 4118 cognoverat
849 4026 945 4106 illam,
