2574 4478
172 232 235 298 202
502 244 535 298 Ρ.
555 244 679 301 OVIDII
696 238 858 300 NASONIS

104 391 153 442 100
172 393 245 434 ense
264 379 388 455 petens,
407 391 550 454 parmam
567 367 674 453 gladio
691 367 879 453 galeamque
896 363 1003 431 cavari

171 457 283 534 cernit,
302 466 335 519 at
351 457 384 518 in
402 455 480 518 duro
497 455 580 518 laedi
597 475 724 536 quoque
743 474 873 537 corpore
890 451 1021 518 ferrum.

170 542 256 605 haud
274 541 345 605 tulit
362 541 507 616 ulterius,
526 541 690 624 clipeoque
708 537 841 602 adversa
857 540 975 603 reiecto

170 639 218 691 ter
235 637 346 710 quater
363 649 418 689 cra
435 626 495 689 viri
513 627 625 710 capulo
644 635 675 689 et
693 647 771 688 cava
788 635 931 708 tempora
947 624 1068 709 pulsate

171 712 357 795 cedentique
375 732 510 794 sequens
527 712 624 775 instat
640 711 809 792 turbatque
826 709 952 793 ruitque

104 818 152 867 135
171 798 365 880 attonitoque
382 808 479 882 negat
496 797 648 879 requiem.
691 818 790 880 pavor
807 806 943 879 occupat
958 795 1060 874 illum,

171 895 244 949 ante
262 883 432 965 oculosque
449 892 560 946 natant
577 881 735 946 tenebrae.
778 891 925 964 retroque
942 880 1056 946 ferenti

171 990 297 1033 aversos
314 990 426 1052 passus
444 967 548 1032 medio
565 968 644 1051 lapis
663 966 783 1031 obstitit
799 988 886 1031 arvo.
959 1025 963 1033 .

171 1076 266 1137 quem
285 1076 379 1139 super
395 1053 567 1139 impulsum
584 1053 732 1138 resupino
746 1074 878 1138 corpore
895 1048 1044 1139 Cycnum

171 1141 203 1203 vi
220 1141 320 1203 multa
337 1139 431 1204 vertit
447 1149 612 1221 terraeque
629 1138 751 1202 adflixit
767 1137 919 1203 Achilles.

105 1246 154 1296 140
171 1236 239 1289 tum
258 1226 359 1310 chpeo
376 1224 575 1310 genibusque
592 1247 737 1308 premens
754 1223 940 1309 praecordia
956 1223 1044 1290 duris

171 1311 275 1375 vincla
292 1309 387 1375 trahit
405 1311 529 1395 galeae:
548 1331 629 1392 quae
646 1332 754 1394 presso
773 1308 899 1374 subdita
915 1319 1023 1375 mento

171 1396 291 1462 elidunt
308 1395 416 1460 fauces
435 1406 467 1460 et
482 1395 676 1480 respiramen
692 1395 814 1477 iterque

171 1482 308 1567 eripiunt
325 1481 458 1545 animae.
501 1480 621 1544 victum
639 1481 772 1564 spohare
789 1480 936 1566 parabat:

90 1601 92 1604 ⁴
172 1590 259 1631 anna
276 1566 384 1631 relicta
401 1567 501 1643 videt3
521 1588 634 1650 corpus
653 1567 730 1630 deus
749 1567 894 1648 aequoris
912 1568 1018 1633 albam

105 1673 154 1722 145
173 1652 303 1717 eontulit
320 1652 353 1715 in
371 1653 546 1728 volucrem,
565 1651 654 1716 cuius
672 1650 766 1716 modo
784 1673 899 1716 nomen
917 1653 1066 1718 habebat.

214 1738 279 1802 Hic
295 1738 394 1814 labor,
412 1738 491 1802 haec
508 1737 650 1820 requiem
667 1738 838 1801 multorum
855 1760 965 1824 pugna
982 1739 1109 1805 dierum
1131 1739 1193 1792 an-

172 1824 289 1900 attulit,
309 1834 339 1888 et
356 1823 466 1908 positis
482 1845 556 1908 pars
573 1834 706 1906 utraque
724 1822 864 1888 substitit
881 1825 986 1888 armis.
1124 1824 1193 1862 Μ·

172 1909 311 1992 dumque
329 1909 406 1994 vigil
422 1908 580 1993 Phrygios
599 1919 704 1972 servat
721 1907 864 1973 custodia
880 1932 998 1987 muros,

173 2006 204 2060 et
221 1995 298 2080 vigil
316 1994 484 2079 Argolicas
502 2004 607 2058 servat
624 1993 767 2058 custodia
783 1995 896 2072 fossas,

106 2100 155 2149 150
173 2081 255 2144 festa
272 2080 338 2144 dies
357 2080 479 2156 aderat,
498 2101 562 2162 qua
580 2076 683 2163 Cycni
700 2080 801 2144 victor
818 2080 961 2147 Achilles

171 2164 306 2230 Pallada
322 2175 477 2229 mactatae
494 2164 641 2249 placabat
659 2165 812 2251 sanguine
829 2188 956 2233 vaccae.

172 2251 262 2314 cuius
280 2261 316 2314 ut
333 2250 483 2334 imposuit
499 2261 644 2335 prosecta
661 2251 836 2317 calentibus
855 2252 927 2330 aris,

172 2348 205 2401 et
222 2336 270 2400 dis
288 2347 436 2421 acceptus
453 2335 630 2421 penetravit
646 2336 679 2400 in
697 2336 826 2402 aethera
842 2338 944 2416 nidor,

173 2444 263 2486 sacra
280 2421 380 2486 tulere
398 2445 502 2498 suam,
520 2444 594 2506 pars
612 2434 660 2487 est
678 2423 752 2487 data
769 2433 874 2488 cetera
890 2423 1018 2490 mensis.

106 2525 154 2575 155
174 2508 361 2573 discubuere
379 2507 454 2572 toris
471 2529 616 2593 proceres
636 2518 668 2573 et
684 2531 816 2593 corpora
833 2519 914 2575 tosta

173 2616 267 2658 carne
284 2593 422 2678 replent,
439 2592 576 2677 vinoque
592 2594 700 2658 levant
717 2616 871 2678 curasque
889 2595 1047 2680 sitimque.

172 2700 238 2744 non
254 2678 323 2743 illos
342 2678 495 2755 citharae,
512 2701 577 2743 non
594 2679 663 2744 illos
682 2679 822 2744 carmina
839 2702 953 2746 vocum

172 2764 309 2849 longave
325 2764 479 2829 multifori
497 2765 633 2830 delectat
651 2764 728 2829 tibia
745 2765 833 2842 buxi,

173 2849 230 2914 sed
246 2859 372 2915 noctem
389 2872 531 2914 sermone
550 2849 691 2927 trahunt,
708 2851 871 2934 virtusque
888 2851 1039 2935 loquendi

106 2953 156 3002 160
172 2936 305 3000 materia
322 2945 380 3000 est.
422 2957 565 3020 pugnam
582 2935 723 3000 referunt
741 2936 902 3020 hostisque
920 2960 1086 3022 suamque,

172 3021 269 3104 inque
287 3020 371 3086 vices
389 3020 474 3085 adita
492 3031 586 3104 atque
605 3021 759 3086 exhausta
775 3022 916 3107 pericula
934 3045 1028 3109 saepe

172 3128 418 3171 commemorare
435 3106 533 3170 iuvat.
577 3106 653 3190 quid
671 3106 755 3171 enim
771 3108 953 3190 loqueretur
970 3108 1134 3174 Achilles?

173 3203 229 3256 aut
245 3191 323 3274 quid
340 3191 426 3277 apud
443 3215 595 3277 magnum
613 3193 718 3277 potius
735 3193 939 3276 loquerentur
955 3194 1137 3260 Achillem?

172 3278 316 3362 proxima
333 3278 502 3363 praecipue
521 3278 638 3341 domito
655 3278 786 3343 victoria
804 3276 915 3363 Cycno

106 3382 154 3430 165
173 3366 204 3426 in
224 3386 368 3428 sermone
385 3363 454 3426 fuit
500 3363 602 3427 visum
620 3364 763 3428 mirabile
781 3365 913 3442 cunctis,

173 3448 258 3532 quod
275 3448 382 3512 iuveni
400 3471 514 3533 corpus
532 3449 618 3512 nullo
636 3450 829 3534 penetrabile
846 3451 910 3515 telo

172 3534 387 3618 invictumque
406 3557 425 3597 a
443 3535 572 3599 vulnere
590 3545 658 3599 erat
675 3534 857 3618 ferrumque
875 3533 1007 3603 terebat,

173 3620 232 3683 hoo
249 3620 317 3704 ipse
335 3619 508 3696 Aeacides,
526 3619 586 3684 hoc
603 3619 800 3684 mirabantur
816 3621 948 3699 Achivi3

174 3727 246 3769 cum
265 3707 310 3770 sic
327 3705 444 3769 Nestor
462 3704 519 3770 ait:
538 3711 656 3770 ‘vestro
674 3705 735 3770 fuit
752 3706 864 3771 unicus
883 3727 961 3772 aevo

107 3811 156 3859 110
175 3801 371 3876 contemptor
388 3790 462 3855 ferri
479 3791 629 3873 nulloque
646 3789 787 3856 forabilis
805 3792 870 3857 ictu

176 3873 315 3960 Cycnus.
360 3886 392 3939 at
409 3876 476 3960 ipse
495 3877 569 3940 olim
586 3875 758 3959 patientem
776 3879 906 3943 vulnera
922 3878 1008 3944 mille

175 3983 304 4045 corpore
322 3983 386 4024 non
402 3962 487 4025 laeso
505 3961 722 4026 Perrhaebum
742 3960 871 4028 Caenea
888 3963 966 4028 vidi:

175 4044 304 4113 Caenea
320 4045 552 4126 Perrhaebum,
571 4048 626 4132 qui
643 4045 735 4113 factis
753 4048 879 4119 inclitus
898 4047 1026 4135 Othryn

1215 3931 1231 4008 l.
