2574 4478
282 109 647 168 METAMORPHOSEON
663 111 735 166 LIB.
755 114 790 172 V.
808 113 952 169 stt-434.
1084 101 1125 169 83

50 248 54 255 '
107 243 298 336 perpetuum
316 258 371 300 ver
388 246 445 301 est.
489 257 552 318 quo
570 235 646 298 dum
663 234 854 322 Proserpina
871 237 943 302 luco

106 321 186 386 ludrt
204 330 236 386 et
254 331 309 384 aut
326 320 425 385 violas
443 332 497 385 aut
516 320 650 386 candida
667 321 732 385 lilia
749 321 857 406 carpit,

107 407 248 490 dumque
264 406 398 492 puellari
415 406 519 470 studio
537 406 739 490 calathosque
757 407 923 491 sinumque

104 491 217 577 implet
234 500 266 556 et
283 491 431 574 aequales
449 501 547 557 certat
565 514 712 576 superare
729 493 874 578 legendo,

104 599 208 663 paene
224 576 319 640 simul
337 577 406 641 visa
423 590 470 642 est
488 577 664 659 dilectaque
680 589 833 663 raptaque
850 576 935 643 Diti:
1141 602 1190 652 395

105 684 209 746 usque
227 662 306 728 adeo
325 673 373 727 cst
388 673 573 747 properatus
592 684 689 727 amor.
733 665 793 727 dea
811 664 918 728 territa
934 677 1055 731 maesto

105 758 138 812 et
153 757 289 812 matrem
306 758 338 813 et
354 748 498 825 comites,
516 748 572 813 sed
589 759 721 813 matrem
738 748 879 833 saepius,
896 771 951 816 oro

105 833 232 898 clamat.
275 843 307 897 et
323 843 360 897 ut
377 856 501 898 summa
518 845 637 898 vestem
654 833 787 898 laniarat
804 834 845 898 ab
862 857 928 913 ora,

105 917 231 984 collecti
248 918 340 983 flores
357 918 470 983 tunicis
488 918 628 984 cecidere
645 919 793 984 remissis.

95 1013 257 1087 ‚tantaque
274 1003 457 1089 simplicitas
473 1004 646 1089 puerilibus
664 1004 766 1069 adfuit
783 1005 886 1069 annis:
1141 1030 1190 1079 400

104 1088 185 1154 haec
202 1110 329 1173 quoque
347 1089 524 1174 virgineum
540 1090 638 1154 movit
655 1089 776 1155 iactura
794 1090 943 1155 dolorem.

104 1186 213 1260 raptor
231 1174 297 1259 agit
314 1196 438 1251 currus,
457 1185 489 1239 et
504 1175 631 1238 nomine
648 1197 806 1258 quemque
823 1177 965 1240 vocando

104 1259 289 1326 exhortatur
306 1281 417 1343 equos,
435 1282 569 1344 quorum
587 1283 644 1345 per
661 1261 741 1325 colla
758 1261 912 1344 iubasque

105 1345 225 1411 excutit
241 1344 376 1410 obscura
393 1345 507 1410 tinctas
524 1345 684 1430 ferrugine
701 1346 851 1411 habenas.

102 1451 224 1517 perque
240 1431 328 1495 lacus
347 1431 425 1495 altos
444 1443 474 1495 et
491 1431 606 1496 olentia
624 1431 773 1516 sulphure
790 1432 890 1497 fertur

103 1527 219 1603 stagna
235 1515 431 1592 Palicorum,
449 1527 543 1616 rupta
561 1516 715 1582 ferventia
732 1527 824 1594 terra,

102 1613 135 1668 et
152 1623 218 1686 qua
234 1601 449 1678 Bacchiadae,
467 1601 580 1666 lamani
597 1624 676 1688 gens
694 1614 763 1667 orta
781 1599 945 1681 Corintho,

101 1687 185 1754 inter
201 1686 383 1769 inaequales
424 1699 574 1753 osuerunt
590 1687 714 1751 moenia
731 1699 851 1772 portus.

143 1771 206 1837 Est
222 1772 364 1837 medium
410 1795 507 1859 yanes
526 1783 557 1838 et
573 1772 706 1837 Pisaeae
724 1773 915 1851 Arethusae,
1073 1794 1189 1864 (upana)

100 1858 188 1943 quod
206 1858 269 1922 coit
286 1858 429 1943 angustis
446 1858 603 1922 inclusum
621 1858 768 1923 cornibus
786 1881 913 1942 aequor.
1137 1886 1189 1936 410

101 1944 154 2009 hio
172 1942 248 2021 fuit,
267 1967 286 2007 a
304 1944 394 2008 cuius
411 1954 559 2029 stagnum
577 1965 703 2028 quoque
720 1943 846 2009 nomine
864 1946 982 2011 dictum
1000 1958 1057 2026 est,

98 2029 183 2094 inter
202 2028 356 2115 Sicelidas
375 2026 485 2115 Cyane
504 2029 707 2095 celeberrima
723 2031 880 2131 nymphas
886 2055 895 2107 3

99 2115 229 2200 gurgite
246 2136 329 2198 quae
345 2115 450 2180 medio
468 2125 699 2180 summatenus
718 2115 819 2181 extit1t
837 2116 908 2180 alvo

99 2199 293 2286 agnovitque
310 2200 413 2266 deam.
456 2206 550 2265 “⁴nec
567 2201 692 2285 longius
710 2195 829 2286 ibidem
846 2200 962 2285 inquitz

99 2292 202 2350 “‘non
218 2296 309 2372 potes
326 2285 443 2350 invitae
462 2282 587 2351 Cereris
604 2309 798 2370 generasse.
842 2286 992 2371 roganda,

98 2394 165 2436 non
180 2371 334 2456 rapienda
350 2371 420 2435 fuit.
465 2371 578 2454 quodsi
595 2392 783 2456 componere
800 2373 924 2457 magnis

98 2479 200 2544 parva
216 2456 294 2520 milri
310 2457 361 2521 fas
379 2468 440 2532 est,
459 2468 491 2521 et
508 2479 559 2521 me
577 2457 686 2522 dilexit
702 2457 840 2542 Anapis:

99 2552 232 2608 exorata
249 2553 370 2616 tamen,
388 2565 462 2618 neo,
480 2553 516 2606 ut
533 2542 626 2620 haec,
645 2542 793 2608 exterrita
809 2541 945 2628 nupsi.'''

100 2627 195 2703 dixit,
213 2627 294 2692 etin
311 2638 416 2712 partes
434 2627 573 2693 diversas
591 2627 738 2692 bracchia
755 2628 886 2693 tendens

99 2712 231 2778 obstitit.
276 2712 361 2778 haud
378 2714 461 2777 ultra
478 2713 578 2778 tenuit
596 2712 762 2778 Saturnius
780 2713 870 2791 iram,

99 2797 318 2881 terribilesque
336 2799 477 2862 hortatus
496 2819 594 2881 equos
611 2798 644 2862 in
661 2799 796 2884 gurgitis
813 2800 879 2864 ima

101 2895 282 2950 contortum
299 2884 404 2948 valido
423 2895 582 2969 sceptrum
598 2885 705 2968 regale
723 2885 839 2949 lacerto

99 2969 250 3035 condidit.
293 2969 357 3034 ieta
373 2969 458 3034 viam
475 2970 568 3034 tellus
585 2968 618 3032 ir'r
635 2970 770 3035 Tartara
786 2970 862 3036 seuit

99 3066 131 3120 et
148 3075 264 3140 pronos
283 3076 393 3120 currus
410 3054 514 3120 medio
532 3064 652 3120 cratere
668 3056 796 3141 recepit.

99 3151 133 3204 at
151 3138 263 3226 Cyane
281 3151 467 3226 raptamque
484 3141 577 3206 deam
595 3152 836 3227 contemptaque
853 3141 949 3208 fontis

97 3226 169 3290 iura
187 3226 236 3290 sui
253 3249 411 3302 maerens,
428 3226 651 3291 inconsolabile
670 3227 784 3291 vulnus

97 3322 204 3376 mente
221 3312 303 3396 gerit
319 3312 415 3376 tacita
432 3311 631 3395 lacrimisque
649 3312 826 3376 absumitur
842 3313 957 3377 omnis:

98 3409 131 3461 et
148 3418 285 3481 quarum
302 3396 407 3462 fuerat
423 3420 574 3482 magnum
592 3398 687 3461 modo
704 3420 836 3474 numen,
853 3397 886 3461 in
904 3398 973 3462 illas

98 3493 289 3547 extenuatur
306 3504 414 3566 aquas.
458 3483 572 3546 molliri
588 3484 730 3548 membra
748 3484 881 3560 videres,

97 3589 171 3632 ossa
188 3569 254 3652 pati
271 3567 386 3645 flexus,
404 3590 528 3653 ungues
545 3569 687 3653 posuisse
705 3569 851 3654 rigorem,

96 3653 264 3738 primaque
283 3654 323 3718 de
340 3664 406 3718 tota
423 3654 605 3718 tenuissima
622 3674 767 3737 quaeque
784 3653 972 3737 liquescunt,

97 3738 237 3803 caerulei
255 3738 356 3803 crines
374 3739 527 3824 digitique
545 3749 577 3804 et
593 3760 685 3804 crura
702 3739 875 3823 pedesque:

95 3845 173 3888 nam
190 3824 296 3888 brevis
312 3824 346 3888 in
363 3825 485 3910 gelidas
503 3825 651 3890 membris
669 3824 803 3890 exilibus
820 3823 922 3889 undas

97 3908 249 3975 transitus
268 3919 324 3974 est.
368 3912 536 3996 posthaec
553 3910 653 3979 umeri
670 3921 840 4000 tergusque
857 3911 1006 3996 latusque·

910 4011 948 4074 h*
