2574 4478
204 272 210 281 .
229 214 595 276 imrnnosrsossorv
611 217 684 273 nm.
703 217 752 274 vr.
773 216 916 274 105-192.
1040 198 1082 266 93

59 350 131 407 tum
150 363 222 407 cum
240 341 423 406 Maeoniam
441 342 531 427 virgo
550 342 760 426 Sipylumque
779 342 915 405 colebat:

59 451 122 493 nec
138 438 245 492 tamen
263 427 423 491 admonita
440 439 487 492 est
504 450 607 512 poena
624 426 785 512 popularis
802 426 968 491 Arachnes
1102 442 1152 492 150

60 514 176 578 cedere
194 512 358 578 caelitibus
375 513 542 597 verbisque
560 512 733 576 minoribus
750 512 806 576 uti.

60 599 164 663 multa
181 598 300 662 dabant
317 597 448 662 animos.
492 599 548 664 sed
566 598 649 662 enim
666 619 725 663 nec
743 596 887 682 coniugis
905 608 998 674 artes,

60 707 124 750 nec
140 706 241 769 genus
259 682 424 747 amborum
440 684 611 769 magnique
628 682 769 768 potentia
785 683 876 767 regni

62 770 110 834 sic
127 770 273 853 placuere
290 768 336 832 illi
353 765 512 852 (quamvis
530 791 568 833 ea
585 781 698 833 cuncta
715 768 901 853 placerent),

61 866 100 919 ut
118 877 177 918 sua
193 854 369 939 progenies.
412 864 445 918 et
460 853 641 918 felicissima
658 866 795 917 matrum

62 941 149 1004 diota
166 940 248 1005 foret
263 938 378 1017 Niobe,
396 938 423 1002 si
439 960 503 1003 non
520 939 581 1002 sibi
598 939 665 1002 visa
682 939 803 1003 fuisset.

62 1048 139 1090 nam
158 1036 225 1088 sata
242 1023 365 1089 Tiresia
383 1025 507 1089 venturi
524 1024 665 1109 praescia
681 1023 794 1088 Manto

61 1134 122 1197 per
138 1110 258 1175 medias
275 1110 394 1186 fuerat,
411 1109 519 1174 divino
537 1110 659 1174 concita
676 1121 774 1185 motu,

62 1196 235 1260 vaticinata
252 1195 333 1259 vias:
343 1195 552 1272 ·‘Ismenides,
569 1196 612 1260 ite
629 1195 810 1277 frequentes

63 1293 96 1347 et
114 1282 187 1346 date
204 1280 348 1345 Latonae
365 1280 635 1366 Latonigenisque
653 1280 778 1344 duobus

64 1389 139 1431 cum
156 1388 249 1452 prece
266 1378 337 1430 tura
354 1366 406 1451 pia
423 1367 576 1450 lauroque
593 1366 742 1430 innectite
760 1364 892 1431 crineml

64 1475 119 1516 ore
136 1473 208 1516 meo
226 1451 352 1515 Latona
367 1452 475 1517 iubet'
518 1462 654 1536 paretur,
673 1463 705 1516 et
721 1473 830 1516 omnes

63 1537 246 1602 Thebaides
263 1537 356 1601 iussis
374 1559 432 1602 sua
450 1547 592 1622 tempora
608 1536 773 1600 frondibus
792 1547 914 1613 ornant,

63 1634 200 1706 turaque
217 1622 293 1686 dant
311 1623 426 1687 sanctis
444 1634 475 1688 et
493 1622 590 1686 verba
607 1622 768 1707 precantia
785 1622 929 1687 flammis.

65 1730 141 1774 ecce
158 1707 245 1772 venit
262 1708 412 1772 comitum
430 1707 533 1772 Niobe
551 1708 754 1771 celeberrima
771 1709 873 1783 turba,
1103 1729 1151 1778 165

63 1792 208 1858 vestibus
225 1793 344 1858 intexto
360 1793 510 1878 Phrygiis
528 1792 707 1878 spectabilis
725 1814 812 1870 auro,

64 1889 108 1955 et,
127 1889 282 1961 quantum
298 1879 345 1942 ira
362 1879 449 1956 sinit,
467 1878 621 1954 formosa,
638 1899 832 1962 movensque
850 1879 964 1943 decoro

65 1987 139 2028 eum
157 1963 259 2048 capite
277 1964 433 2028 immissos
450 1986 595 2029 umerum
612 1986 668 2049 per
685 1974 853 2047 utrumque
871 1966 1011 2050 capillos.

64 2049 213 2114 constitit.
256 2061 354 2132 utque
372 2050 480 2114 oculos
498 2049 689 2115 circumtulit
706 2050 771 2114 alta
787 2050 950 2134 superbos,

64 2135 153 2219 ‘quis
170 2134 267 2211 furor,
286 2134 422 2199 auditos'
440 2135 541 2219 inquit
559 2142 767 2220 ‘praeponere
785 2135 859 2199 visis
1104 2158 1152 2207 170

64 2220 236 2286 caelestes?
262 2231 317 2285 aut
334 2242 391 2284 cur
407 2220 520 2286 colitur
536 2221 663 2285 Latona
680 2243 737 2305 per
753 2243 834 2296 aras,

64 2327 185 2370 numen
203 2303 306 2369 adhuc
323 2306 391 2370 sine
408 2317 477 2372 ture
493 2329 600 2371 meum
618 2306 685 2371 est?
710 2305 788 2369 mihi
804 2305 958 2372 Tantalus
976 2318 1096 2385 auctor,

65 2390 119 2455 cui
135 2389 223 2454 licuit
240 2391 298 2454 soli
316 2412 500 2475 superorum
518 2403 647 2477 tangere
664 2414 790 2456 mensas
795 2415 804 2467 ;

63 2475 235 2540 Pleiadum
252 2497 340 2540 soror
357 2487 405 2540 est
421 2477 565 2562 genetrix
582 2500 667 2553 mea3
684 2476 843 2541 maximus
861 2477 953 2542 Atlas

65 2572 116 2626 est
134 2582 225 2637 avus,
244 2560 418 2626 aetherium
436 2562 491 2645 qui
506 2562 569 2627 fert
586 2562 760 2627 cervicibus
778 2586 869 2628 axem
875 2587 884 2640 ;
1105 2583 1152 2635 175

64 2646 210 2731 Iuppiter
228 2646 307 2711 alter
323 2669 416 2712 avus:
434 2668 543 2713 socero
561 2669 688 2731 quoque
704 2647 822 2731 glorior
838 2648 902 2712 illo.

64 2755 118 2796 me
135 2742 246 2816 gentes
264 2743 409 2797 metuunt
424 2731 600 2818 Pbrygiae,
617 2755 669 2797 me
685 2733 774 2818 regia
792 2730 908 2798 Cadmi

66 2817 128 2882 sub
146 2817 274 2881 domina
291 2829 352 2894 est,
369 2817 549 2902 fidibusque
566 2818 630 2883 mei
646 2818 813 2882 commissa
829 2817 934 2883 mariti

65 2902 193 2967 moenia
209 2924 282 2966 cum
299 2904 423 2989 populis
441 2927 461 2967 a
477 2925 592 2987 meque
609 2903 740 2988 viroque
757 2917 919 2990 reguntur.

64 2989 101 3052 in
117 3009 351 3071 quamcumque
368 2989 480 3053 domus
499 2989 620 3054 adverti
635 2989 757 3054 lumina
796 3000 906 3067 artem,
1103 3013 1154 3065 180

65 3074 239 3138 immensae
257 3085 439 3157 spectantur
456 3095 541 3160 opes.
585 3075 707 3140 accedit
724 3097 761 3139 eo
785 3099 834 3140 em

66 3159 165 3244 digna
182 3159 243 3223 dea
259 3158 366 3224 facies.
408 3160 471 3224 huc
488 3170 578 3225 natas
596 3160 685 3225 adice
702 3172 824 3246 septem

66 3256 99 3310 et
115 3244 247 3309 totidem
264 3244 408 3321 iuvenes,
426 3257 457 3310 et
473 3267 549 3309 mox
565 3267 761 3330 generosque
778 3269 949 3330 nurusque.

66 3330 209 3414 quaerite
226 3351 326 3408 nunc,
343 3330 460 3396 habeat
477 3353 572 3414 quam
589 3342 696 3395 nostra
713 3332 861 3416 superbia
878 3355 1017 3412 causam,

64 3417 173 3481 nescio
191 3436 319 3499 quoque
337 3416 449 3481 audete
467 3429 568 3481 satam
584 3416 733 3480 Titanida
751 3415 839 3481 Coeo
1104 3440 1152 3491 185

65 3502 228 3565 Latonam
245 3500 403 3585 praeferre
421 3501 511 3577 mibi,
530 3501 581 3566 oui
598 3501 736 3566 maxima
752 3503 912 3585 quondam

66 3588 218 3672 exiguam
235 3586 342 3650 sedem
359 3586 517 3671 pariturae
534 3597 617 3651 terra
632 3587 774 3672 negavit!

66 3695 125 3736 nec
143 3671 233 3737 caelo
249 3693 309 3735 nec
325 3671 422 3735 humo
439 3694 498 3736 nec
515 3672 605 3755 aquis
623 3673 683 3737 dea
699 3685 804 3738 vestra
819 3685 946 3760 recepta
964 3687 1026 3755 est,

68 3759 141 3821 exul
160 3767 229 3821 erat
244 3756 369 3832 mundi,
387 3757 488 3822 donec
503 3758 652 3822 miserata
668 3769 838 3843 vagantem

67 3841 151 3906 “hos
174 3842 221 3905 ita
237 3851 273 3905 tu
290 3843 380 3906 terris
399 3865 498 3919 erras,
517 3843 601 3929 ego”
620 3843 698 3907 dixit
716 3843 774 3907 “in
790 3844 915 3922 undis,''
1104 3867 1153 3918 190

66 3865 310 4009 instabilemque
326 3928 431 3992 locum
449 3927 547 3993 Delos
564 3928 659 3993 dedit.
702 3928 757 3993 illa
773 3930 908 3995 duorum

66 4012 153 4082 facta
169 4035 301 4106 parens:
318 4013 399 4080 uteri
415 4035 489 4105 pars
506 4013 585 4086 baec
602 4026 649 4084 est
666 4015 799 4106 septima
816 4016 924 4087 nostri.
