2574 4478
196 262 563 320 METAMORPHOSEON
580 264 653 318 LIB.
671 265 720 320 IV.
740 263 832 319 9-95.
984 249 1025 315 57

78 411 141 452 uno
158 388 250 473 nigra
267 388 349 452 ferat
366 397 514 452 contactu
531 387 694 472 sanguinis
712 388 815 452 arbor.

81 477 194 560 placet.
239 473 331 549 hano,
349 473 499 557 quoniam
516 474 657 558 vulgaris
675 474 785 537 fabula
801 495 866 538 non
884 483 941 549 est,

78 584 120 625 us
138 583 210 624 orsa
227 560 343 634 modis,
360 560 435 623 lana
452 581 510 622 sua
526 559 580 623 fila
597 569 757 642 sequente.
1043 579 1076 626 54

78 668 179 711 ramus
197 656 228 710 et
245 644 379 720 Thisbe,
397 645 547 709 iuvenum
566 643 796 729 pulcherrimus
814 646 903 723 alter,
921 644 1059 724 (Pyrasos
1070 649 1094 696 θ’

78 756 117 808 a,
137 753 216 815 quas
234 730 337 795 oriens
354 730 479 807 habuit,
498 731 640 814 praelata
657 730 780 814 puellis,
956 712 1065 780 med

78 821 170 902 iguas
188 829 316 881 tenuere
335 816 461 891 domos,
479 816 535 879 ubi
553 815 667 879 dicitur
684 816 780 879 altam

78 904 168 967 ilibus
185 902 283 965 muris
302 901 437 966 cinxisse
456 899 640 966 Semiramis
656 902 779 966 urbem.

78 989 149 1053 :iam
167 989 348 1072 primosque
365 988 484 1072 gradus
502 987 618 1051 vicinia
634 987 724 1051 fecit:

78 1096 146 1159 sore
165 1073 262 1138 crevit
280 1094 378 1136 amor.
422 1071 533 1137 taedae
550 1093 678 1156 quoque
694 1073 763 1137 iure
781 1072 931 1138 coissent:
1043 1092 1078 1144 oo

79 1171 208 1225 vetuere
226 1169 341 1243 patres.
385 1158 471 1241 quod
489 1179 552 1221 non
569 1169 700 1243 potuere
717 1168 835 1234 vetare,

78 1266 167 1329 ,equo
184 1245 284 1329 captis
303 1243 456 1308 ardebant
473 1244 632 1308 mentibus
650 1243 754 1308 ambo.

78 1332 150 1395 icius
168 1330 269 1393 omnis
288 1328 390 1393 abest:
409 1339 489 1392 nutu
507 1329 669 1414 signisque
686 1328 868 1412 loquuntur.

78 1439 132 1499 que
151 1415 253 1499 magis
270 1416 396 1499 tegitur,
414 1425 517 1479 tectus
534 1414 636 1499 magis
655 1426 778 1479 aestuat
793 1415 887 1500 ignis.

78 1525 97 1565 ‚s
116 1511 184 1565 erat
201 1501 288 1565 tenui
305 1501 398 1577 rima,
418 1521 514 1583 quam
532 1500 666 1564 duxerat
683 1501 759 1564 olim

96 1587 200 1661 fieret,
218 1585 321 1669 paries
339 1585 447 1649 domui
466 1585 639 1650 communis
657 1586 793 1669 utrique.

77 1673 167 1735 itium
185 1671 263 1734 nulli
280 1693 338 1756 per
355 1671 481 1735 saecula
497 1670 594 1755 longa
611 1682 755 1735 notatum
771 1708 815 1719 —

78 1759 83 1821 l
100 1779 165 1820 non
183 1756 276 1820 sentit
295 1756 401 1820 amor?
417 1793 461 1802 -
477 1756 570 1841 primi
588 1756 710 1821 vidistis
728 1767 870 1823 amantes

78 1843 144 1908 ocis
161 1841 280 1907 fecistis
297 1842 366 1906 iter.
410 1852 560 1925 tutaeque
577 1864 635 1926 per
651 1842 730 1906 illud

78 1950 167 1992 mure
185 1927 356 1992 blanditiae
373 1927 503 1992 minimo
522 1928 653 1992 transire
672 1929 825 1993 solebant.

78 2037 116 2090 te,
134 2014 190 2077 ubi
208 2012 412 2077 constiterant
428 2012 502 2078 hinc
519 2013 649 2089 Thisbe,
666 2013 825 2098 Pyramus
842 2014 937 2093 illino,

78 2122 107 2163 ie
121 2099 206 2163 vices
224 2099 329 2162 fuerat
346 2109 490 2182 captatus
509 2098 664 2164 anhelitus
683 2100 755 2175 oris,

78 2184 162 2248 ride'’
181 2184 329 2248 dicebant
347 2185 488 2267 “paries,
506 2184 583 2267 quid
601 2186 780 2249 amantibus
798 2185 924 2250 obstas?

78 2281 162 2333 atum
180 2279 260 2345 erat,
278 2280 313 2332 ut
331 2268 449 2335 sineres
466 2280 532 2334 toto
551 2292 608 2334 nos
627 2292 757 2353 corpore
773 2271 873 2354 iungi,

79 2356 140 2419 hoo
159 2355 185 2417 si
202 2355 336 2418 nimium
352 2364 409 2428 est,
427 2355 478 2419 vel
497 2355 538 2419 ad
556 2354 665 2419 oscula
682 2355 787 2420 danda
803 2355 942 2442 pateres!

83 2462 192 2505 sumus
210 2440 340 2524 ingrati:
359 2439 416 2502 tibi
433 2462 491 2504 nos
509 2440 625 2504 debere
642 2440 788 2515 fatemur,

78 2527 92 2589 l
111 2527 204 2588 datus
222 2538 270 2590 est
287 2524 391 2590 verbis
410 2525 451 2588 ad
469 2526 586 2588 amicas
604 2525 753 2589 transitus
771 2525 894 2591 aures.’'

78 2659 82 2675 ,
100 2612 224 2675 diversa
242 2610 436 2693 nequiquam
453 2611 527 2676 sede
544 2611 641 2675 locuti

84 2710 210 2761 noctem
228 2696 335 2760 dixere
355 2696 459 2770 ‘vale,’
477 2696 623 2781 partique
642 2696 756 2761 dedere

78 2784 115 2846 ila
132 2783 266 2864 quisque
283 2804 359 2845 suae
377 2803 441 2844 non
458 2782 674 2866 pervenientia
691 2793 811 2846 contra.

78 2891 132 2932 era
149 2879 320 2931 nocturnos
339 2889 452 2931 aurora
469 2879 647 2932 removerat
662 2868 764 2953 ignes,

78 2975 116 3017 ue
134 2952 300 3038 pruinosas
317 2952 413 3016 radiis
431 2953 605 3017 siccaverat
621 2953 750 3019 herbas:

81 3039 191 3102 olitum
210 3039 312 3102 coiere
330 3039 445 3102 locum.
481 3050 550 3103 tum
567 3061 729 3104 murmure
746 3060 844 3124 parvo

78 3135 107 3188 ta
124 3124 210 3209 prius
229 3123 346 3205 questi,
364 3133 520 3200 statuunt,
537 3135 573 3188 ut
590 3137 682 3190 nocte
699 3125 803 3189 silenti

80 3232 115 3274 re
133 3209 280 3273 custodes
297 3208 482 3293 foribusque
500 3210 651 3274 excedere
669 3221 833 3296 temptent,

80 3317 143 3377 que
162 3295 256 3357 domo
275 3294 422 3371 exierint,
440 3295 527 3359 urbis
545 3316 673 3380 qnoque
690 3307 773 3360 tecta
790 3297 979 3380 relinquant,

78 3404 85 3444 r
105 3379 146 3443 sit
164 3379 333 3443 errandum
350 3380 414 3442 lato
432 3380 641 3465 spatiantibus
660 3403 746 3457 arvo,

78 3466 196 3530 leniant
214 3465 255 3529 ad
272 3465 366 3528 busta
384 3465 459 3529 Nini
477 3466 656 3548 lateantque
674 3467 733 3530 sub
752 3466 865 3531 umbra

78 3552 136 3614 ris.
182 3551 275 3614 arbor
291 3550 336 3613 ibi
354 3549 453 3614 niveis
470 3551 631 3616 uberrima
647 3552 749 3636 pomis

78 3661 104 3701 ia
122 3658 229 3701 morus
248 3647 328 3712 erat,
346 3634 452 3719 gelido
475 3637 668 3701 contermina
685 3637 774 3701 fonti.

78 3747 97 3787 a
115 3721 254 3807 placent:
275 3731 306 3785 ct
324 3723 393 3797 lux,
412 3721 500 3785 tarde
518 3721 678 3787 discedere
697 3722 774 3798 visa,

80 3808 230 3892 cipitatur
247 3806 352 3891 aquis,
371 3817 403 3870 et
421 3807 511 3890 aquis
529 3829 593 3870 nox
611 3808 676 3872 exit
693 3807 734 3870 ab
751 3808 861 3871 isdem.

78 3895 117 3957 da
134 3915 192 3977 per
209 3893 355 3957 tenebras
373 3903 497 3956 versato
516 3893 641 3957 cardine
658 3892 778 3958 Thisbe

78 3979 165 4043 ditur
181 3977 324 4060 fallitque
342 3999 431 4052 suos,
450 3977 663 4061 adopertaque
681 3978 804 4042 vultum

78 4065 146 4129 enit
164 4064 206 4127 ad
223 4063 381 4127 tumulum
399 4063 545 4146 dietaque
563 4064 623 4128 sub
642 4063 753 4129 arbore
772 4062 863 4129 sedit.
