2574 4478
167 243 209 310 58
498 258 523 312 P
552 257 675 314 OVIDII
692 255 853 313 NASONIS

168 381 321 447 audacem
339 382 476 447 faciebat
493 405 589 447 amor.
632 382 719 447 venit
736 404 809 448 ecce
826 381 945 446 recenti

169 468 265 535 caede
282 469 393 534 leaena
410 469 507 533 boum
525 479 707 554 spumantes
726 469 823 532 oblita
840 468 947 545 rictus,

168 554 351 640 depositura
368 554 451 618 sitim
469 555 564 620 vicini
581 555 678 618 fontis
695 555 728 617 in
745 555 841 618 unda.

168 661 265 724 quam
282 640 392 726 procul
410 641 451 703 ad
467 642 563 705 lunae
580 641 683 704 radios
701 639 880 725 Babylonia
896 639 1016 703 Thisbe

103 747 151 795 100
168 726 262 801 vidit,
279 737 312 791 et
329 726 499 792 obscurum
514 727 636 790 timido
655 726 738 826 pede
754 726 838 810 fugit
854 726 888 788 in
905 737 1041 804 antrum,

169 812 310 896 dumque
326 811 424 898 fugit,
443 822 533 897 tergo
551 812 707 876 velamrna
723 811 813 897 lapsa
830 811 965 893 reliquit.

168 909 203 963 ut
221 898 271 962 lea
288 919 384 963 saeva
401 897 485 961 sitim
503 898 601 961 multa
618 897 810 982 compescuit
828 896 924 972 unda,

170 984 248 1047 dum
264 983 346 1048 redit
361 983 395 1047 in
413 983 522 1060 silvas,
540 983 684 1047 inventos
701 983 783 1047 forte
800 982 868 1047 sine
884 983 955 1067 ipsa

170 1091 224 1134 ore
242 1079 404 1134 cruentato
422 1080 533 1134 tenues
550 1068 682 1133 laniavit
699 1069 842 1133 amictus.

104 1176 152 1225 105
171 1155 269 1220 serius
287 1177 432 1240 egressus
450 1154 585 1240 vestigia
601 1154 680 1218 vidit
695 1154 730 1218 in
746 1155 810 1219 alto

169 1242 299 1392 pulvere
318 1250 404 1305 certa
421 1240 507 1306 ferae
525 1250 654 1323 totoque
672 1241 824 1325 expalluit
841 1261 894 1304 ore

199 1349 338 1411 yramus.
382 1336 418 1390 ut
435 1348 509 1390 vero
528 1337 648 1390 vestem
666 1347 792 1410 quoque
810 1325 964 1411 sanguine
981 1325 1114 1391 tinctam

170 1412 322 1498 repperit,
341 1417 430 1475 “una
448 1411 551 1475 duos'’
568 1411 671 1494 inquit
688 1418 777 1476 “nox
793 1412 905 1497 perdet
922 1424 1076 1476 amantes:

64 1580 65 1584 Ἰ
171 1521 189 1564 e
206 1498 321 1583 quibus
338 1497 393 1561 illa
409 1498 469 1561 fuit
486 1497 582 1582 longa
600 1496 784 1582 dignissima
800 1497 875 1573 vita,

105 1606 155 1654 11o
170 1595 278 1649 nostra
295 1605 411 1648 nocens
431 1582 535 1646 anima
553 1593 610 1647 est.
653 1604 713 1668 ego
731 1594 777 1659 te,
795 1583 982 1659 miseranda,
1001 1583 1130 1668 peremi,

171 1671 204 1734 in
221 1669 291 1733 loca
308 1669 403 1753 plena
420 1678 522 1732 metus
540 1668 595 1752 qui
611 1667 689 1732 iussi
706 1680 796 1732 nocte
814 1670 948 1742 venires,

171 1777 230 1820 nec
247 1755 333 1840 prior
349 1753 413 1819 huc
429 1754 511 1819 veui.
554 1764 698 1818 nostrum
716 1754 854 1819 divellite
872 1776 985 1839 corpus

172 1852 204 1906 et
221 1841 373 1905 scelerata
389 1840 456 1904 fero
475 1839 649 1904 consumite
666 1839 788 1904 viscera
804 1862 922 1916 morsu,

173 1949 192 1990 o
210 1927 402 2009 quicumque
419 1925 479 1989 sub
497 1925 557 1989 hac
574 1923 723 1988 habitatis
741 1948 834 2011 rupe,
852 1924 973 1990 leones!

106 2035 154 2083 115
172 2012 229 2076 sed
245 2011 347 2075 timidi
366 2022 414 2075 est
431 2021 540 2095 optare
557 2010 692 2075 necem''
709 2047 753 2057 —
768 2011 926 2076 velamina
943 2011 1080 2078 Thisbes

172 2097 253 2162 tollit
271 2107 302 2161 et
320 2097 360 2160 ad
377 2108 489 2181 pactae
506 2117 614 2160 secum
631 2095 693 2160 fert
710 2096 830 2161 arboris
846 2096 1002 2160 umbram.

172 2195 271 2266 utque
289 2181 376 2247 dedit
392 2192 485 2246 notae
502 2181 661 2256 lacrimas,
680 2182 767 2246 dedit
784 2183 891 2246 oscula
908 2183 998 2258 vesti,

174 2268 306 2353 “accipe
319 2267 428 2333 nunc''
446 2267 549 2350 inquit
566 2267 688 2331 “nostri
702 2289 828 2351 quoque
842 2268 1004 2353 sanguinis
1018 2269 1188 2338 haustus1”

173 2375 299 2437 quoque
318 2365 385 2418 erat
402 2354 576 2429 accinctus,
595 2352 720 2418 demisit
735 2354 769 2416 in
786 2353 840 2417 ilia
853 2354 986 2429 ferrum,

107 2463 156 2513 120
173 2460 233 2504 nec
250 2461 353 2516 mora,
371 2439 505 2504 ferventi
523 2438 659 2503 moriens
677 2461 695 2503 e
712 2439 841 2503 vulnere
859 2439 964 2503 traxit.

172 2538 208 2590 ut
221 2525 317 2591 iacuit
333 2525 499 2609 resupinus
515 2525 625 2597 humo,
653 2544 746 2587 cruor
776 2524 889 2588 emicat
906 2524 979 2602 alte,

173 2633 237 2674 non
255 2610 345 2675 aliter
362 2632 458 2693 quam
476 2632 549 2674 cum
567 2609 676 2674 vitiato
693 2609 799 2673 fistula
816 2610 947 2694 plumbo

174 2696 326 2760 scinditur
344 2707 374 2761 et
392 2695 478 2760 tenui
496 2695 645 2760 stridente
662 2695 816 2759 foramine
833 2695 944 2779 longas

173 2782 346 2846 eiaculatur
363 2801 461 2864 aquas
479 2791 574 2864 atque
591 2780 705 2845 ictibus
724 2786 796 2844 ae'ra
813 2781 940 2865 rumpit.

107 2891 155 2939 125
174 2867 296 2932 arborei
314 2866 398 2933 fetus
415 2867 580 2950 aspergine
599 2865 703 2930 caedis
721 2865 754 2928 in
771 2877 871 2929 atram

173 2963 337 3017 vertuntur
354 2951 482 3028 faciem,
501 2951 740 3035 madefactaque
759 2951 912 3036 sanguine
930 2951 1020 3015 radix

172 3059 331 3124 purpureo
348 3036 463 3123 tinguit
480 3037 649 3121 pendentia
665 3059 753 3101 mora
771 3037 884 3100 colore.
901 3073 945 3082 -

173 3145 247 3188 ecce
263 3133 351 3188 metu
368 3123 508 3186 nondum
526 3123 643 3207 posite,
661 3145 702 3187 ne
719 3122 807 3185 fallat
825 3132 994 3197 amantem,

172 3209 227 3274 illa
243 3209 325 3274 redit
341 3209 550 3291 iuvenemque
569 3208 667 3272 oculis
685 3208 853 3291 animoque
870 3208 1010 3291 requirit,

107 3318 155 3368 130
173 3306 353 3379 quantaque
371 3293 476 3358 vitarit
492 3316 619 3359 narrare
636 3293 776 3378 pericula
792 3293 897 3378 gestit.

171 3391 270 3464 utque
286 3380 391 3444 locum
409 3391 442 3445 et
458 3379 526 3444 visa
544 3380 705 3465 cognoscit
721 3379 754 3442 in
772 3379 884 3443 arbore
901 3378 1045 3455 formam,

173 3466 218 3530 sic
235 3466 312 3531 facit
328 3465 479 3530 incertam
497 3466 583 3550 pomi
601 3466 699 3530 color:
717 3465 839 3541 haeret,
857 3487 898 3528 an
916 3465 994 3529 haec
1012 3465 1062 3528 sit.

173 3552 249 3616 dum
267 3551 404 3627 dubitat,
422 3550 630 3615 tremebunda
647 3551 732 3614 videt
749 3551 875 3635 pulsare
893 3559 1058 3615 cruentum

172 3637 314 3701 membra
331 3637 446 3711 solum,
463 3646 609 3719 retroque
627 3636 741 3720 pedem
758 3636 843 3712 tulit,
862 3656 979 3719 oraque
997 3635 1084 3701 buxo

106 3746 154 3793 135
172 3723 337 3808 pallidiora
353 3745 466 3807 gerens
485 3721 645 3786 exhorruit
662 3722 806 3806 aequoris
823 3721 930 3797 instar,

172 3807 258 3892 quod
275 3808 392 3884 tremit,
411 3808 527 3892 exigua
544 3829 616 3873 cum
633 3829 794 3872 summum
811 3807 974 3894 stringitur
992 3829 1078 3871 aura.

173 3893 229 3958 sed
245 3903 412 3978 postquam
430 3904 587 3958 remorata
603 3913 676 3957 suos
695 3892 843 3978 cognovit
859 3914 991 3969 amores,

171 3979 308 4065 percutit
324 3978 470 4064 indignos
487 3980 571 4043 claro
589 3979 740 4064 plangore
756 3979 900 4054 lacertos,

172 4076 204 4132 et
220 4064 338 4130 laniata
355 4085 461 4129 comas
480 4065 687 4151 amplexaque
705 4085 818 4152 corpus
836 4074 977 4128 amatum
